=LDR  05161cas a2201177 a 4500
=001  012414358
=003  Uk
=005  20230209233608.0
=007  ta
=008  970520c19949999ja\br\p\\\\\\\0\\\a0eng\\
=019  0\$as297970003
=019  c\$a2498849
=022  0\$a1340-3540
=040  \\$aUk$cUk$dUk
=082  04$a579.505$223
=084  \\$aDA 25$2blsrissc
=222  \0$aMycoscience
=245  00$aMycoscience.
=260  \\$aTokyo :$bMycological Society of Japan,$c1994-
=300  \\$av. ;$c28 cm.
=310  \\$aBi monthly
=321  \\$aQuarterly
=336  \\$atext$2rdacontent
=337  \\$aunmediated$2rdamedia
=338  \\$avolume$2rdacarrier
=515  \\$aNumbering begins with vol. 35.
=540  \\$aCurrent Copyright Fee: GBP34.00$c0$5Uk
=580  \\$aFor earlier material in English or Japanese see "Nihon Kingakkai kaihō".
=595  \\$aFORMERLY 8983.700000 UP TO VOL. 34, 1993.
=650  \0$aMycology$vPeriodicals.
=650  \0$aMycology$zJapan$vPeriodicals.
=650  \0$aFungi$zJapan$vPeriodicals.
=710  2\$aNihon Kingakkai.
=776  0\$tMycoscience (Online)$x1618-2545
=780  00$aTransactions of the Mycological Society of Japan$x0029-0289
=852  41$aBritish Library$bDSC$j5995.752800$3Vol. 35, no. 1 (1994)-v. 51, no. 6 (2010)***UKRR Retained Title***Stock Incomplete
=852  71$aBritish Library$bSTI$k(P)$hDA 25$m-E(1)$2blsrissc$3Volume 35 (1994)-Volume 49 (2008)
=945  \\$aMYCOSCIENCE -TOKYO-
=959  \\$fHeld but not currently received
=985  \\$aRecord merged by DQ team
=A02  \\$a2498849
=ACF  \\$aPrevious copyright fee: GBP21.25$c23\3$e01-jan-2009$fGBP21.25$g0$hP$5Uk
=ACF  \\$aPrevious copyright fee: GBP16.75$c23\3$e01-jan-2007$fGBP16.75$g0$hP$5Uk
=ACF  \\$aPrevious copyright fee: GBP16.22$c23\3$e01-oct-2006$fGBP16.22$g0$hP$5Uk
=ACF  \\$aPrevious copyright fee: GBP17.14$c23\3$e01-apr-2006$fGBP17.14$g0$hP$5Uk
=ACF  \\$aPrevious copyright fee: GBP16.67$c23\3$e01-jan-2006$fGBP16.67$g0$hP$5Uk
=ACF  \\$aPrevious copyright fee: GBP16.22$c23\3$e01-apr-2005$fGBP16.22$g0$hP$5Uk
=ACF  \\$aPrevious copyright fee: GBP16.67$c23\3$e01-jan-2005$fGBP16.67$g0$hP$5Uk
=ACF  \\$aPrevious copyright fee: GBP18.92$c23\3$e29-nov-2004$fGBP18.92$g0$hP$5Uk
=ACF  \\$aCurrent Copyright Fee: GBP3.89$c0$e01-oct-2004$fGBP3.89$g0$hC$5Uk
=ACF  \\$aPrevious copyright fee: GBP3.89$c0$e01-apr-2004$fGBP3.89$g0$hC$5Uk
=ACF  \\$aCurrent copyright fee: GBP4.24$c0$e01-jan-2004$fGBP4.24$g0$hC$5Uk
=ACF  \\$aCurrent copyright fee: GBP4.50$c0$e01-jan-2003$fGBP4.50$g0$hC$5Uk
=ACF  \\$aPrevious copyright fee: GBP22.00$c23\3$e01-apr-2009$fGBP22.00$g0$hP$5Uk
=ACF  \\$aPrevious copyright fee: GBP22.00$c23\3$e12-aug-2012$fGBP22.00$g0$hP$5Uk
=ACF  \\$aPrevious copyright fee: GBP22.50$c5\1$e01-jan-2013$fGBP22.50$g0$hP$5Uk
=ACF  \\$aPrevious copyright fee: GBP23.40$c5\1$e01-jan-2018$fGBP23.40$g0$hP$5Uk
=ACF  \\$aPrevious copyright fee: GBP34.30$c5\1$e01-jan-2022$fGBP34.30$g0$hP$5Uk
=ACF  \\$aPrevious copyright fee: GBP32.84$c5\1$e01-jul-2019$fGBP32.84$g0$hP$5Uk
=ACF  \\$aPrevious Copyright Fee: GBP22.50$c0$e09-feb-2022$fGBP22.50$g0$hA$5Uk
=ACF  \\$aPrevious Copyright Fee: GBP34.00$c0$e01-apr-2022$fGBP34.00$g0$hC$5Uk
=CAT  \\$aCONV$b00$c20040425$lBLL90$h0707
=CAT  \\$a8124$b40$c20110913$lBLL01$h0826
=CAT  \\$aBATCH-UPD$b40$c20120614$lBLL01$h2141
=CAT  \\$aBATCH-UPD$b40$c20120812$lBLL01$h1918
=CAT  \\$aIPL-CLA$c20120812$lBLL01$h2027
=CAT  \\$aBATCH-CLA$b00$c20121109$lBLL01$h1737
=CAT  \\$aBATCH-UPD$b00$c20121121$lBLL01$h1627
=CAT  \\$a5552$b40$c20121207$lBLL01$h1207
=CAT  \\$aIPL-CLA$c20121231$lBLL01$h1307
=CAT  \\$aIPL-CLA$c20130102$lBLL01$h1724
=CAT  \\$aWR13.005$c20130323$lBLL01$h1502
=CAT  \\$aBLDSS-3PM$b00$c20141222$lBLL01$h1712
=CAT  \\$aBATCH-UPD$b00$c20160413$lBLL01$h1816
=CAT  \\$aBATCH-UPD$b00$c20170304$lBLL01$h1119
=CAT  \\$aBATCH-UPD$b00$c20171121$lBLL01$h1742
=CAT  \\$aIPL-CLA$c20171231$lBLL01$h1618
=CAT  \\$aBATCH-UPD$b00$c20190521$lBLL01$h1434
=CAT  \\$aIPL-CLA$c20190630$lBLL01$h1531
=CAT  \\$aBATCH-UPD$b00$c20211119$lBLL01$h1552
=CAT  \\$aIPL-CLA$c20211231$lBLL01$h1541
=CAT  \\$a5552$b40$c20220209$lBLL01$h1143
=CAT  \\$aDEL-3PM$c20220214$lBLL01$h0926
=CAT  \\$aBATCH-CLA$b00$c20220304$lBLL01$h1533
=CAT  \\$aIPL-CLA$c20220331$lBLL01$h1951
=CAT  \\$aBATCH-CLA$b00$c20221130$lBLL01$h1442
=CAT  \\$aIPL-CLA$c20221231$lBLL01$h1444
=CAT  \\$aBATCH-CLA$b00$c20230209$lBLL01$h1529
=CAT  \\$aIPL-CLA$c20230209$lBLL01$h2336
=CFI  0\$aCurrent Copyright Fee: GBP34.00$c0$e09-feb-2023$fGBP34.00$g0$hC$5Uk
=CFI  2\$aBritish Library not licensed to copy$c0$e01-jan-2023$hC$iCFP Excluded$5Uk
=EST  \\$a2
=FIN  \\$aY
=FMT  \\$a  SE
=LAS  \\$aIPL-CLA$b00$c20230209$lBLL01$h2336
=LEO  \\$aMP25.0000132808
=LEO  \\$aMP10.0000388312
=SRC  \\$aSRI01$bbibmp25.200404.2.aa
=SRC  \\$aDSS01$bbibmp10.200404.2.aa
=TCO  \\$aJPN$bJAACC$c008
=TOC  \\$aETOC

