=LDR  04148cas a2200973 a 4500
=001  013104408
=003  Uk
=005  20230209233645.0
=007  ta
=008  050207d20032010enkqr\p\\\\\\\0\\\a0eng\\
=015  \\$aGBB0A9893$2bnb
=022  0\$a1541-9215$202
=040  \\$aUk$beng$cUk
=042  \\$aissnuk$aukblsr
=082  04$a616.12005$222
=222  \4$aThe American heart hospital journal
=245  04$aThe American heart hospital journal :$bmedicine, administration, health policy, surgery.
=246  13$aAHHJ
=260  \\$aDarien, Conn. :$bLe Jacq Communications,$c2003-
=260  2\$32007-2008$aShelton, Conn. :$bLe Jacq Communications
=260  3\$32009-2010$aLondon :$bTouch Briefings
=300  \\$av. :$bill. (some col.), col. ports. ;$c28 cm.
=310  \\$aSemi-annual,$b2009-
=321  \\$aQuarterly,$b2003-2008
=336  \\$atext$2rdacontent
=337  \\$aunmediated$2rdamedia
=338  \\$avolume$2rdacarrier
=362  0\$aVol. 1, issue 1 (winter 2003)-
=500  \\$aLatest issue consulted: vol. 8, no. 1 (summer 2010).
=500  \\$aSubtitle varies.
=540  \\$aCurrent Copyright Fee: GBP28.00$c0$5Uk
=650  \0$aHeart$xSurgery$vPeriodicals.
=650  \0$aCardiac intensive care$vPeriodicals.
=650  \0$aHeart$xDiseases$xPatients$xCare$vPeriodicals.
=650  \0$aCardiology$vPeriodicals.
=776  0\$tAmerican heart hospital journal$c(Online)$x1751-7168
=852  11$aBritish Library$bSTI$k(P)$h616.12005$m-E(1)$3Vol. 8, no. 1 (2010)-v. 8, no. 2 (2010)
=852  41$aBritish Library$bDSC$j0816.655000$3Vol. 1, no. 1 (2003)-v. 8, no. 2 (2010)***Ban on loan within 26 weeks of receipt
=945  \\$aAmerican heart hospital journal
=959  \\$fHeld but not currently received
=985  \\$aResponsibility for ISSN taken by ISSN UK Centre from the US ISSN Centre, 02.12.2009
=ACF  \\$aPrevious copyright fee: GBP5.00$c0$e10-feb-2005$fGBP5.00$g0$hA$5Uk
=ACF  \\$aPrevious Copyright Fee: GBP22.00$c10\0$e01-jan-2007$fGBP22.00$g0$hP$5Uk
=ACF  \\$aPrevious copyright fee: GBP24.00$c35\0$e07-mar-2017$fGBP24.00$g0$hP$5Uk
=ACF  \\$aPrevious copyright fee: GBP24.00$c10\0$e01-mar-2015$fGBP24.00$g0$hP$5Uk
=ACF  \\$aPrevious copyright fee: GBP17.50$c0$e09-nov-2018$fGBP17.50$g0$hA$5Uk
=ACF  \\$aPrevious Copyright Fee: GBP24.00$c0$e01-jan-2019$fGBP24.00$g0$hC$5Uk
=ACF  \\$aPrevious Copyright Fee: GBP28.00$c0$e01-apr-2019$fGBP28.00$g0$hC$5Uk
=CAT  \\$a5466$b40$c20050207$lBLL01$h1508
=CAT  \\$a7174$b40$c20071115$lBLL01$h1442
=CAT  \\$a5410$b40$c20071123$lBLL01$h1407
=CAT  \\$a11313$b40$c20091202$lBLL01$h1402
=CAT  \\$a5410$b40$c20100407$lBLL01$h1243
=CAT  \\$a5997$b40$c20100707$lBLL01$h0801
=CAT  \\$a11315$b40$c20100914$lBLL01$h1432
=CAT  \\$a11315$b40$c20100914$lBLL01$h1433
=CAT  \\$a11315$b40$c20100914$lBLL01$h1436
=CAT  \\$aCDS12-UPD$b40$c20111002$lBLL01$h2318
=CAT  \\$aWR12_168$c20121206$lBLL01$h1815
=CAT  \\$aBLDSS-3PM$b00$c20141214$lBLL01$h1522
=CAT  \\$aBATCH-UPD$b00$c20150215$lBLL01$h1625
=CAT  \\$aIPL-CLA$c20150228$lBLL01$h2048
=CAT  \\$a7778$b40$c20161011$lBLL01$h1039
=CAT  \\$aW1703-0316$c20170306$lBLL01$h1824
=CAT  \\$aW1703-0316$c20170307$lBLL01$h1647
=CAT  \\$aIPL-CLA$c20170307$lBLL01$h1824
=CAT  \\$aBATCH-UPD$b00$c20180219$lBLL01$h1746
=CAT  \\$a5552$b40$c20181109$lBLL01$h1410
=CAT  \\$aBATCH-CLA$b00$c20181130$lBLL01$h1604
=CAT  \\$aIPL-CLA$c20181231$lBLL01$h1541
=CAT  \\$aBATCH-CLA$b00$c20190228$lBLL01$h1623
=CAT  \\$aIPL-CLA$c20190331$lBLL01$h1726
=CAT  \\$aBATCH-CLA$b00$c20221130$lBLL01$h1449
=CAT  \\$aIPL-CLA$c20221231$lBLL01$h1446
=CAT  \\$aBATCH-CLA$b00$c20230209$lBLL01$h1536
=CAT  \\$aIPL-CLA$c20230209$lBLL01$h2336
=CFI  0\$aCurrent Copyright Fee: GBP28.00$c0$e09-feb-2023$fGBP28.00$g0$hC$5Uk
=CFI  2\$aBritish Library not licensed to copy$c0$e01-jan-2023$hC$iCFP Excluded$5Uk
=EST  \\$a2
=FIN  \\$aY$d20070505
=FMT  \\$a  SE
=LAS  \\$aIPL-CLA$b00$c20230209$lBLL01$h2336
=TCO  \\$aCLA$bCLA$c008
=TOC  \\$aETOC

