=LDR  05409cas a22012377a 4500
=001  011122398
=003  Uk
=005  20230209233448.0
=007  ta
=008  831122c19689999enkqr\p\\\\\\\0\\\a0eng\\
=019  c\$a2099480
=019  0\$as23187300x
=022  0\$a0024-1164
=040  \\$aUk$beng$cUk$dUk
=041  0\$aeng$ager
=042  \\$aukblsr
=082  04$a560.17$221
=084  \\$aCF 00$2blsrissc
=210  0\$aLethaia$b(Oslo, Trykt utg.)
=222  \0$aLethaia$b(Oslo. Trykt utg.)
=245  00$aLethaia :$ban international journal of palaeontology and stratigraphy.
=260  \\$aOslo :$bUniversitetsforlaget,$c1968-
=260  2\$aOslo :$bNorwegian University Press
=260  2\$aOslo :$bScandinavian University Press
=260  2\$aOslo :$bTaylor & Francis
=260  3\$aOxford :$bBlackwell
=300  \\$av. :$bill. ;$c25 cm.
=310  \\$aQuarterly
=336  \\$atext$2rdacontent
=337  \\$aunmediated$2rdamedia
=338  \\$avolume$2rdacarrier
=362  0\$aVol. 1 (Jan. 1968)-
=540  \\$aCurrent Copyright Fee: GBP39.00$c0$5Uk
=546  \\$aIn English and German.
=550  \\$aOfficial journal of the International Palaeontological Association and the International Commission on Stratigraphy.
=595  \\$aSEE ALSO SERIAL RECORDS KCS HUM.
=650  \0$aPaleontology$vPeriodicals.
=650  \0$aGeology, Stratigraphic$vPeriodicals.
=710  2\$aInternational Palaeontological Association.
=710  2\$aInternational Union of Geological Sciences.$bCommission on Stratigraphy.
=772  0\$tFossils and strata$x0300-9491
=776  08$iAlso issued online as:$tLethaia (Online)$x1502-3931
=852  71$aBritish Library$bSTI$k(P)$hCF 00$m-E(8)$2blsrissc$3Vol. 1 (1968)-v. 46, no. 2 (2013)***Items prior to 2007 available for remote supply. Items 2007 onwards available for reading room only***title now taken as electronic copy only
=852  41$aBritish Library$bDSC$j5184.950000$3Vol. 1 (1968)-v. 45, no. 1 (2012)***UKRR Retained Title; All issues between 1997 and 2001 held at STM
=945  \\$aLethaia.
=959  \\$fHeld but not currently received
=963  \\$aCA/U14 VOL. 1, 1968- *A=1$bY
=968  \\$aC
=985  \\$aRecord merged by DQ team
=985  \\$aResponsibility for ISSN taken by ISSN UK from ISSN Norway, 27.06.08
=985  \\$aISSN responsibility transferred to U.S. ISSN Center from ISSN UK Centre, Wiley, Multinational Publisher List, Summer 2017.
=A02  \\$a2099480
=ACF  \\$aPrevious copyright fee: GBP15.00$c15\0$e01-jan-2004$fGBP15.00$g0$hP$5Uk
=ACF  \\$aCurrent copyright fee: GBP11.88$c15\0$e01-jan-2003$fGBP11.88$g0$hP$5Uk
=ACF  \\$aCurrent copyright fee: GBP12.25$c15\0$e01-oct-2002$fGBP12.25$g0$hP$5Uk
=ACF  \\$aPrevious copyright fee: GBP18.00$c15\0$e01-jan-2005$fGBP18.00$g0$hP$5Uk
=ACF  \\$aPrevious Copyright Fee: GBP22.00$c10\0$e01-jan-2007$fGBP22.00$g0$hP$5Uk
=ACF  \\$aPrevious copyright fee: GBP24.00$c10\0$e01-mar-2015$fGBP24.00$g0$hP$5Uk
=ACF  \\$aPrevious copyright fee: GBP24.00$c35\0$e07-mar-2017$fGBP24.00$g0$hP$5Uk
=ACF  \\$aPrevious Copyright Fee: GBP39.00$c35\0$e01-jan-2020$fGBP39.00$g0$hP$5Uk
=ACF  \\$aPrevious copyright fee: GBP28.00$c35\0$e01-jan-2019$fGBP28.00$g0$hP$5Uk
=ACF  \\$aPrevious Copyright Fee: GBP22.50$c0$e14-jun-2022$fGBP22.50$g0$hA$5Uk
=ACF  \\$aPrevious Copyright Fee: GBP39.00$c0$e01-oct-2022$fGBP39.00$g0$hC$5Uk
=CAT  \\$aCONV$b00$c20040425$lBLL90$h0705
=CAT  \\$a8874$b40$c20130520$lBLL01$h1155
=CAT  \\$a8874$b40$c20130520$lBLL01$h1156
=CAT  \\$aBLDSS-3PM$b00$c20141214$lBLL01$h1520
=CAT  \\$aBATCH-UPD$b00$c20150215$lBLL01$h1622
=CAT  \\$aIPL-CLA$c20150228$lBLL01$h2045
=CAT  \\$aBATCH-UPD$b00$c20160413$lBLL01$h1812
=CAT  \\$aBATCH-UPD$b00$c20170304$lBLL01$h1107
=CAT  \\$aW1703-0316$c20170306$lBLL01$h1823
=CAT  \\$aW1703-0316$c20170307$lBLL01$h1646
=CAT  \\$aIPL-CLA$c20170307$lBLL01$h1823
=CAT  \\$a11205$b40$c20180208$lBLL01$h1556
=CAT  \\$a11205$b40$c20180208$lBLL01$h1602
=CAT  \\$aBATCH-UPD$b40$c20180219$lBLL01$h1743
=CAT  \\$aBATCH-UPD$b40$c20181121$lBLL01$h1619
=CAT  \\$aIPL-CLA$c20181231$lBLL01$h1537
=CAT  \\$aR1911-0245$c20191127$lBLL01$h0945
=CAT  \\$aR1911-0245$c20191127$lBLL01$h1044
=CAT  \\$aIPL-CLA$c20191231$lBLL01$h1844
=CAT  \\$a8055$b40$c20220614$lBLL01$h1411
=CAT  \\$a8055$b40$c20220614$lBLL01$h1418
=CAT  \\$aDEL-3PM$c20220622$lBLL01$h0853
=CAT  \\$aBATCH-CLA$b00$c20220903$lBLL01$h0718
=CAT  \\$aIPL-CLA$c20220930$lBLL01$h1425
=CAT  \\$aBATCH-CLA$b00$c20221130$lBLL01$h1428
=CAT  \\$aIPL-CLA$c20221231$lBLL01$h1441
=CAT  \\$aBATCH-CLA$b00$c20230209$lBLL01$h1515
=CAT  \\$aIPL-CLA$c20230209$lBLL01$h2334
=CFI  0\$aCurrent Copyright Fee: GBP39.00$c0$e09-feb-2023$fGBP39.00$g0$hC$5Uk
=CFI  2\$aBritish Library not licensed to copy$c0$e01-jan-2023$hC$iCFP Excluded$5Uk
=EST  \\$a2
=FIN  \\$aY
=FMT  \\$a  SE
=LAS  \\$aIPL-CLA$b00$c20230209$lBLL01$h2334
=LEO  \\$aMP25.0000089928
=LEO  \\$aMP10.0000343080
=LET  \0$aLethaia (Print)
=LKR  \\$aPAR$b013693525$lBLL01$r776$mLethaia (Print)$nLethaia (Online)
=SRC  \\$aSRI01$bbibmp25.200404.2.aa
=SRC  \\$aDSS01$bbibmp10.200404.2.aa
=TCO  \\$aCLA$bCLA$c008
=TOC  \\$aETOC
=UNO  \\$aY

