=LDR  04809cas a2201117 a 4500
=001  009845118
=003  Uk
=005  20160921093036.0
=007  ta
=008  940531d19922013ja\mr\p\\\\\\\0\\\a0eng\\
=019  c\$a2457805
=019  0\$as293594007
=022  0\$a0916-8516
=040  \\$aUk$cUk$dUk
=082  04$a621.382$221
=084  \\$aRQ 50$2blsrissc
=084  \\$aPN 68$2blsrissc
=084  \\$aBR 5$2blsrissc
=210  0\$aIEICE trans. commun.
=222  \0$aIEICE transactions on communications.
=245  00$aIEICE transactions on communications.
=246  3\$aInstitute of Electronics, Information and Communication Engineers transactions on communications
=246  17$aIEICE trans. commun.
=260  \\$aTokyo,$c1992-2013
=300  \\$av. ;$c28 cm.
=310  \\$aMonthly
=336  \\$atext$2rdacontent
=337  \\$aunmediated$2rdamedia
=338  \\$avolume$2rdacarrier
=540  \\$aCurrent Copyright Fee: GBP16.00$c0$5Uk
=595  \\$aFORMERLY 4363.24067 UP TO VOL. 74, 1991.
=650  \0$aTelecommunication$vPeriodicals.
=710  2\$aDenshi Jōhō Tsūshin Gakkai (Japan)
=776  0\$tIEICE transactions on communications (Online)$x1745-1345
=852  41$aBritish Library$bDSC$j4363.240666$3Vol. 75 (1992)-v. 96, no. 12 (2013)***UKRR Retained Title***Stock incomplete
=852  71$aBritish Library$bSTI$k(TP)$hRQ 50$m-E(41)$2blsrissc$3Accompanying CD-ROM
=852  71$aBritish Library$bSTI$k(P)$hRQ 50$m-E(41)$2blsrissc$3Vol. E75B (1992)-v. 91, no. 12 (2008)
=945  \\$aIEICE transactions on communications E Series B
=957  \\$aC
=959  \\$fHeld but not currently received
=963  \\$aCA/U-2 VOL. 81, 1998- *A=1$bN
=985  \\$aRecord merged by DQ team
=985  \\$aCONFERENCE ANALYTIC RECORDS EXIST
=ACF  \\$aPrevious Copyright Fee: GBP16.00$c0$e01-apr-2012$fGBP16.00$g0$hC$5Uk
=ACF  \\$aPrevious Copyright Fee: GBP16.00$c0$e01-jan-2012$fGBP16.00$g0$hC$5Uk
=ACF  \\$aPrevious Copyright Fee: GBP16.00$c0$e01-oct-2011$fGBP16.00$g0$hC$5Uk
=ACF  \\$aPrevious Copyright Fee: GBP16.00$c0$e01-jul-2011$fGBP16.00$g0$hC$5Uk
=ACF  \\$aPrevious Copyright Fee: GBP16.00$c0$e01-apr-2011$fGBP16.00$g0$hC$5Uk
=ACF  \\$aPrevious Copyright Fee: GBP16.00$c0$e01-jan-2011$fGBP16.00$g0$hC$5Uk
=ACF  \\$aPrevious Copyright Fee: GBP16.00$c0$e01-oct-2010$fGBP16.00$g0$hC$5Uk
=ACF  \\$aPrevious Copyright Fee: GBP25.71$c0$e01-jul-2009$fGBP25.71$g0$hC$5Uk
=ACF  \\$aPrevious Copyright Fee: GBP25.71$c0$e01-apr-2009$fGBP25.71$g0$hC$5Uk
=ACF  \\$aPrevious copyright fee: GBP6.00$c0$e01-jan-2009$fGBP6.00$g0$hA$5Uk
=ACF  \\$aPrevious copyright fee: GBP18.00$c29\0$e01-jan-2008$fGBP18.00$g0$hP$5Uk
=ACF  \\$aPrevious copyright fee: GBP16.00$c29\0$e01-jan-2006$fGBP16.00$g0$hP$5Uk
=ACF  \\$aPrevious copyright fee: GBP15.00$c29\0$e01-jan-2004$fGBP15.00$g0$hP$5Uk
=ACF  \\$aCurrent copyright fee: GBP10.00$c29\0$e01-apr-2002$fGBP10.00$g0$hP$5Uk
=ACF  \\$aCurrent copyright fee: GBP10.00$c0$e01-jul-2000$fGBP10.00$g0$hC$5Uk
=CAT  \\$aCONV$b00$c20040425$lBLL90$h0704
=CAT  \\$a6550$b40$c20091201$lBLL01$h1433
=CAT  \\$a6550$b40$c20091201$lBLL01$h1454
=CAT  \\$aBATCH-CLA$b00$c20100831$lBLL01$h1524
=CAT  \\$aIPL-CLA$c20100930$lBLL01$h1502
=CAT  \\$aBATCH-CLA$b00$c20101115$lBLL01$h1557
=CAT  \\$aIPL-CLA$c20101231$lBLL01$h1315
=CAT  \\$aBATCH-CLA$b00$c20110228$lBLL01$h1545
=CAT  \\$aIPL-CLA$c20110331$lBLL01$h1440
=CAT  \\$aBATCH-CLA$b00$c20110531$lBLL01$h1639
=CAT  \\$aIPL-CLA$c20110630$lBLL01$h1521
=CAT  \\$aBATCH-CLA$b00$c20110831$lBLL01$h1756
=CAT  \\$aIPL-CLA$c20110930$lBLL01$h1521
=CAT  \\$aBATCH-CLA$b00$c20111130$lBLL01$h1213
=CAT  \\$aIPL-CLA$c20111230$lBLL01$h1815
=CAT  \\$aBATCH-CLA$b00$c20120229$lBLL01$h1624
=CAT  \\$aIPL-CLA$c20120330$lBLL01$h1408
=CAT  \\$aBATCH-CLA$b00$c20120531$lBLL01$h1710
=CAT  \\$aBATCH-UPD$b00$c20120614$lBLL01$h2134
=CAT  \\$aIPL-CLA$c20120629$lBLL01$h1005
=CAT  \\$aBATCH-CLA$b00$c20120831$lBLL01$h1528
=CAT  \\$aIPL-CLA$c20120930$lBLL01$h2028
=CAT  \\$aBATCH-CLA$b00$c20121104$lBLL01$h0958
=CAT  \\$a10934$b40$c20121127$lBLL01$h1531
=CAT  \\$a6004$b40$c20140314$lBLL01$h1055
=CAT  \\$a7778$b40$c20160921$lBLL01$h0930
=CFI  0\$aCurrent Copyright Fee: GBP16.00$c0$e01-oct-2012$fGBP16.00$g0$hC$5Uk
=CFI  2\$aPrevious Copyright Fee: GBP16.00$c0$e01-jul-2012$fGBP16.00$g0$hC$5Uk
=EST  \\$a2
=FIN  \\$aY
=FMT  \\$a  SE
=LAS  \\$a7778$b40$c20160921$lBLL01$h0930
=LEO  \\$aMP25.0000131843
=LEO  \\$aMP10.0000276376
=SRC  \\$aSRI01$bbibmp25.200404.2.aa
=SRC  \\$aDSS01$bbibmp10.200404.2.aa
=TCO  \\$aJPN$bJAACC$c008
=TOC  \\$aETOC

