=LDR  04327cas a2201009 a 4500
=001  009872638
=003  Uk
=005  20230630155127.0
=007  ta
=008  970506c19969999nyuqr\p\\\\\\\0\\\a0eng\\
=019  c\$a2531542
=019  0\$as514892013
=022  \\$a1085-5629
=040  \\$aUk$cUk$dUk
=082  04$a616.5$221
=084  \\$aGU 82$2blsrissc
=210  0\$aSemin. cutan. med. surg.
=222  \0$aSeminars in cutaneous medicine and surgery
=245  00$aSeminars in cutaneous medicine and surgery.
=260  \\$aPhiladelphia, Pa. :$bSaunders,$c1996-
=260  3\$a[New York] :$bElsevier
=300  \\$av. ;$c28 cm.
=310  \\$aQuarterly
=336  \\$atext$2rdacontent
=337  \\$aunmediated$2rdamedia
=338  \\$avolume$2rdacarrier
=530  \\$aAlso issued online.
=540  \\$aCurrent Copyright Fee: GBP0.16$c0$5Uk
=595  \\$aFORMERLY 8239.4488 UP TO VOL. 15(2), 1996.
=776  1\$tSeminars in cutaneous medicine and surgery (Online)$x1558-0768
=780  00$tSeminars in dermatology$x0278-145X
=852  41$aBritish Library$bDSC$j8239.448600$3Vol. 15, no. 3 (1996)-v. 28, no. 4 (2009)***UKRR Retained Title
=852  71$aBritish Library$bSTI$k(P)$hGU 82$m-E(31)$2blsrissc$3Vol. 15, no. 3 (1996)-v. 28, no. 1 (2009)***UKRR Retained Title
=945  \\$aSEMINARS IN CUTANEOUS MEDICINE AND SURGERY
=959  \\$fHeld but not currently received
=968  \\$bx
=985  \\$aRecord merged by DQ team
=A02  \\$a2531542
=ACF  \\$aPrevious copyright fee: GBP19.00$c5\9$e01-jan-2008$fGBP19.00$g0$hP$5Uk
=ACF  \\$aPrevious copyright fee: GBP18.00$c5\9$e01-apr-2004$fGBP18.00$g0$hP$5Uk
=ACF  \\$aCurrent copyright fee: GBP20.00$c0$e01-apr-2003$fGBP20.00$g0$hC$5Uk
=ACF  \\$aPrevious copyright fee: GBP20.00$c5\1$e01-jan-2009$fGBP20.00$g0$hP$5Uk
=ACF  \\$aPrevious copyright fee: GBP22.50$c5\1$e01-jan-2013$fGBP22.50$g0$hP$5Uk
=ACF  \\$aPrevious copyright fee: GBP21.00$c5\1$e01-jan-2012$fGBP21.00$g0$hP$5Uk
=ACF  \\$aPrevious copyright fee: GBP12.00$c0$e03-sep-2013$fGBP12.00$g0$hA$5Uk
=ACF  \\$aBritish Library not licensed to copy$c0$e01-jan-2014$hC$iCFP Excluded$5Uk
=ACF  \\$aBritish Library not licensed to copy$c0$e01-apr-2014$hC$iCFP Excluded$5Uk
=ACF  \\$aBritish Library not licensed to copy$c0$e01-jul-2014$hC$iCFP Excluded$5Uk
=CAT  \\$aCONV$b00$c20040425$lBLL90$h0710
=CAT  \\$aBATCH$b00$c20091214$lBLL01$h0540
=CAT  \\$aBATCH$b00$c20091216$lBLL01$h0136
=CAT  \\$aWR11_155$c20111021$lBLL01$h1330
=CAT  \\$a8323$b40$c20111026$lBLL01$h1437
=CAT  \\$a8323$b40$c20111026$lBLL01$h1439
=CAT  \\$aWR11_155$c20111114$lBLL01$h1647
=CAT  \\$aBATCH-UPD$b00$c20111123$lBLL01$h1850
=CAT  \\$aIPL-CLA$c20111230$lBLL01$h1826
=CAT  \\$aBATCH-UPD$b00$c20120614$lBLL01$h2136
=CAT  \\$aBATCH-CLA$b00$c20121105$lBLL01$h1751
=CAT  \\$aBATCH-UPD$b00$c20121121$lBLL01$h1654
=CAT  \\$aIPL-CLA$c20121231$lBLL01$h1254
=CAT  \\$aIPL-CLA$c20130102$lBLL01$h1701
=CAT  \\$aWR13.005$c20130323$lBLL01$h1400
=CAT  \\$a5552$b40$c20130903$lBLL01$h1130
=CAT  \\$aBATCH-CLA$b00$c20131129$lBLL01$h1657
=CAT  \\$aIPL-CLA$c20131231$lBLL01$h2049
=CAT  \\$aBATCH-CLA$b00$c20140228$lBLL01$h1616
=CAT  \\$aIPL-CLA$c20140331$lBLL01$h1620
=CAT  \\$aBATCH-CLA$b00$c20140530$lBLL01$h1713
=CAT  \\$aIPL-CLA$c20140630$lBLL01$h1706
=CAT  \\$aBATCH-CLA$b00$c20230209$lBLL01$h1524
=CAT  \\$aIPL-CLA$c20230209$lBLL01$h2333
=CAT  \\$aBATCH-CLA$b00$c20230531$lBLL01$h1702
=CAT  \\$aIPL-CLA$c20230630$lBLL01$h1551
=CFI  0\$aCurrent Copyright Fee: GBP0.16$c0$e01-jul-2023$fGBP0.16$g0$hC$5Uk
=CFI  2\$aPrevious Copyright Fee: GBP0.02$c0$e09-feb-2023$fGBP0.02$g0$hC$5Uk
=EST  \\$a2
=FIN  \\$aY
=FMT  \\$a  SE
=LAS  \\$aIPL-CLA$b00$c20230630$lBLL01$h1551
=LEO  \\$aMP10.0000530072
=LEO  \\$aMP25.0000205632
=LKR  \\$aPAR$b013094122$lBLL01$r776$mSeminars in cutaneous medicine and surgery (Print)$nSeminars in cutaneous medicine and surgery (Online)
=LKR  \\$aPAR$b012117724$lBLL01$r78000$mSeminars in cutaneous medicine and surgery$nSeminars in dermatology
=SRC  \\$aDSS01$bbibmp10.200404.2.aa
=SRC  \\$aSRI01$bbibmp25.200404.2.aa
=TCO  \\$aTRS$bCCC$c008

