=LDR  05659cas a2201249 a 4500
=001  010466113
=003  Uk
=005  20230209233351.0
=007  ta
=008  040409c19499999sw\fr\p\\\\\\\0\\\a0eng\\
=019  c\$a2028345
=019  0\$as236731009
=022  0\$a0004-2080
=040  \\$aUk$cUk$dUk
=041  0\$aeng$bfre$bger
=082  04$a510.5$222
=084  \\$aP 00$2blsrissc
=210  0\$aArk. mat.
=222  \0$aArkiv för matematik
=245  00$aArkiv för matematik.
=260  \\$aStockholm :$bAlmqvist och Wiksell,$c1949-
=300  \\$av. ;$c25 cm.
=310  \\$aTwice a year
=336  \\$atext$2rdacontent
=337  \\$aunmediated$2rdamedia
=338  \\$avolume$2rdacarrier
=362  0\$aBd. 1, häfte 1-
=500  \\$aPublished for the Kungliga Svenska vetenskapsakademien.
=540  \\$aCurrent Copyright Fee: GBP29.95$c0$5Uk
=546  \\$aMainly in English.
=595  \\$aFORMERLY 1679.02 UP TO BD. 36, 1949.
=650  \0$aMathematics$vPeriodicals.
=710  2\$aKungl. Svenska vetenskapsakademien.
=780  01$tArkiv för matematik, astronomi och fysik$x0365-4133
=852  41$aBritish Library$bDSC$j1679.000000$3Vol. 1 (1949/52)-v. 48, no. 1 (2010)***UKRR Retained Title***Stock Incomplete
=852  71$aBritish Library$bSTI$k(P)$hP 00$m-E(54)$2blsrissc$3Band 1 (1952)-Band 36 (1998)***UKRR Retained Title
=945  \\$aARKIV FOR MATEMATIK.
=959  \\$fHeld but not currently received
=963  \\$aVOL. 1, 1949- *A=1$bY$cP348.C.1
=964  \\$aBD. 1, 1949/1952- *A=1$c51$dO$eTS531
=985  \\$aRecord merged by SUNCAT team
=985  \\$aUpgraded by BSS-generated file for WR2011-1473
=A02  \\$a2028345
=ACF  \\$aPrevious copyright fee: GBP21.25$c13\1$e01-jan-2009$fGBP21.25$g0$hP$5Uk
=ACF  \\$aPrevious copyright fee: GBP16.75$c13\1$e01-jan-2007$fGBP16.75$g0$hP$5Uk
=ACF  \\$aPrevious Copyright Fee: GBP16.22$c13\1$e01-oct-2006$fGBP16.22$g0$hP$5Uk
=ACF  \\$aPrevious Copyright Fee: GBP17.14$c13\1$e05-sep-2006$fGBP17.14$g0$hP$5Uk
=ACF  \\$aPrevious Copyright Fee: GBP17.14$c0$e01-jul-2006$fGBP17.14$g0$hC$5Uk
=ACF  \\$aPrevious Copyright Fee: GBP17.14$c0$e01-apr-2006$fGBP17.14$g0$hC$5Uk
=ACF  \\$aPrevious copyright fee: GBP5.00$c0$e01-jul-1998$fGBP5.00$g0$hC$5Uk
=ACF  \\$aCurrent copyright fee: GBP4.60$c0$e01-apr-1997$fGBP4.60$g0$hC$5Uk
=ACF  \\$aPrevious copyright fee: GBP22.00$c13\1$e01-apr-2009$fGBP22.00$g0$hP$5Uk
=ACF  \\$aPrevious copyright fee: GBP22.00$c13\1$e12-aug-2012$fGBP22.00$g0$hP$5Uk
=ACF  \\$aPrevious copyright fee: GBP25.00$c13\1$e01-jan-2013$fGBP25.00$g0$hP$5Uk
=ACF  \\$aPrevious copyright fee: GBP25.77$c13\1$e01-jul-2013$fGBP25.77$g0$hP$5Uk
=ACF  \\$aPrevious copyright fee: GBP24.97$c13\1$e01-jan-2014$fGBP24.97$g0$hP$5Uk
=ACF  \\$aPrevious copyright fee: GBP24.21$c13\1$e01-jul-2014$fGBP24.21$g0$hP$5Uk
=ACF  \\$aPrevious copyright fee: GBP25.77$c13\1$e01-apr-2015$fGBP25.77$g0$hP$5Uk
=ACF  \\$aPrevious copyright fee: GBP26.63$c13\1$e01-jul-2015$fGBP26.63$g0$hP$5Uk
=ACF  \\$aPrevious copyright fee: GBP25.77$c13\1$e01-oct-2015$fGBP25.77$g0$hP$5Uk
=ACF  \\$aPrevious copyright fee: GBP27.55$c13\1$e01-apr-2016$fGBP27.55$g0$hP$5Uk
=ACF  \\$aPrevious copyright fee: GBP29.59$c13\1$e01-oct-2016$fGBP29.59$g0$hP$5Uk
=ACF  \\$aPrevious copyright fee: GBP30.73$c13\1$e01-oct-2017$fGBP30.73$g0$hP$5Uk
=ACF  \\$aPrevious copyright fee: GBP31.96$c13\1$e01-apr-2017$fGBP31.96$g0$hP$5Uk
=ACF  \\$aPrevious copyright fee: GBP17.50$c0$e29-jan-2018$fGBP17.50$g0$hA$5Uk
=ACF  \\$aPrevious Copyright Fee: GBP29.95$c0$e01-apr-2018$fGBP29.95$g0$hC$5Uk
=CAT  \\$aCONV$b00$c20040425$lBLL90$h0659
=CAT  \\$aBLDSS-3PM$b00$c20150103$lBLL01$h1042
=CAT  \\$aBATCH-UPD$b00$c20150219$lBLL01$h1642
=CAT  \\$aIPL-CLA$c20150331$lBLL01$h1625
=CAT  \\$aBATCH-UPD$b00$c20150405$lBLL01$h0630
=CAT  \\$aBATCH-UPD$b00$c20150520$lBLL01$h1700
=CAT  \\$aIPL-CLA$c20150630$lBLL01$h1638
=CAT  \\$aBATCH-UPD$b00$c20150820$lBLL01$h1750
=CAT  \\$aIPL-CLA$c20150930$lBLL01$h1752
=CAT  \\$aBATCH-UPD$b00$c20160217$lBLL01$h1637
=CAT  \\$aIPL-CLA$c20160331$lBLL01$h1711
=CAT  \\$aBATCH-UPD$b00$c20160413$lBLL01$h1809
=CAT  \\$aBATCH-UPD$b00$c20160524$lBLL01$h2155
=CAT  \\$aBATCH-UPD$b00$c20160524$lBLL01$h2236
=CAT  \\$aBATCH-UPD$b00$c20160824$lBLL01$h1714
=CAT  \\$aIPL-CLA$c20160930$lBLL01$h1552
=CAT  \\$aBATCH-UPD$b00$c20170216$lBLL01$h1801
=CAT  \\$aIPL-CLA$c20170331$lBLL01$h1835
=CAT  \\$aBATCH-UPD$b00$c20170904$lBLL01$h1802
=CAT  \\$aIPL-CLA$c20170929$lBLL01$h1718
=CAT  \\$a5552$b40$c20180129$lBLL01$h1455
=CAT  \\$aBATCH-CLA$b00$c20180228$lBLL01$h1639
=CAT  \\$aIPL-CLA$c20180331$lBLL01$h1607
=CAT  \\$aW2011-1473$b00$c20201124$lBLL01$h1842
=CAT  \\$aBATCH-CLA$b00$c20221130$lBLL01$h1449
=CAT  \\$aIPL-CLA$c20221231$lBLL01$h1439
=CAT  \\$aBATCH-CLA$b00$c20230209$lBLL01$h1536
=CAT  \\$aIPL-CLA$c20230209$lBLL01$h2333
=CFI  0\$aCurrent Copyright Fee: GBP29.95$c0$e09-feb-2023$fGBP29.95$g0$hC$5Uk
=CFI  2\$aBritish Library not licensed to copy$c0$e01-jan-2023$hC$iCFP Excluded$5Uk
=EST  \\$a2
=FIN  \\$aY
=FMT  \\$a  SE
=LAS  \\$aIPL-CLA$b00$c20230209$lBLL01$h2333
=LEO  \\$aMP25.0000092834
=LEO  \\$aMP10.0000075238
=LKR  \\$aPAR$b010466114$lBLL01$r78001$mArkiv för matematik$nArkiv för matematik, astronomi och fysik
=SRC  \\$aSRI01$bbibmp25.200404.2.aa
=SRC  \\$aDSS01$bbibmp10.200404.2.aa
=TCO  \\$aXXX$c008
=TOC  \\$aETOC

