=LDR  04587cas a2201093 a 4500
=001  010487861
=003  Uk
=005  20230209233404.0
=007  ta
=008  801104d19802009enkqr\p\\\\\\\0\\\a0eng\\
=019  0\$as506340007
=019  c\$a2093066
=022  0\$a0196-6774
=040  \\$aUk$cUk$dUk
=082  04$a518.1$222
=084  \\$aPB 10$2blsrissc
=210  0\$aJ. algorithms$b(Print)
=222  \0$aJournal of algorithms$b(Print)
=245  00$aJournal of algorithms.
=260  \\$aNew York ;$aLondon :$bAcademic Press,$c1980-2009.
=260  3\$a[New York] :$bElsevier Science
=300  \\$av. ;$c23 cm.
=310  \\$aQuarterly,$b2007-
=321  \\$aEight issues yearly,$b1997-2006
=321  \\$aBimonthly,$b1993-1996
=321  \\$aQuarterly,$b1980-1992
=336  \\$atext$2rdacontent
=337  \\$aunmediated$2rdamedia
=338  \\$avolume$2rdacarrier
=362  0\$aVol. 1, issue 1 (Mar. 1980)-v. 64, issue 4 (Oct. 2009).
=540  \\$aCurrent Copyright Fee: GBP34.00$c0$5Uk
=595  \\$aSEE ALSO SERIAL RECORDS KCS-SE.
=650  \0$aAlgorithms$vPeriodicals.
=650  \0$aComputer algorithms$vPeriodicals.
=650  \0$aComputer programming$vPeriodicals.
=776  0\$tJournal of algorithms (Online)$x1090-2678
=852  41$aBritish Library$bDSC$j4926.800000$3Vol. 1, no. 1 (1980)-v. 64, no. 4 (2009)***UKRR Retained Title
=852  71$aBritish Library$bSTI$k(P)$hPB 10$m-E(10)$2blsrissc$3Vol. 1 (1980)-v. 49 (2003); v. 55, no. 1 (2005)***To 1995***UKRR Retained Title
=945  \\$aJournal of algorithms
=959  \\$fHeld but not currently received
=963  \\$aCA/U-2 VOL. 1, 1980- *A=1$bN
=985  \\$aRecord merged by SUNCAT team
=ACF  \\$aPrevious copyright fee: GBP19.00$c5\9$e01-jan-2008$fGBP19.00$g0$hP$5Uk
=ACF  \\$aPrevious copyright fee: GBP18.00$c5\9$e01-apr-2004$fGBP18.00$g0$hP$5Uk
=ACF  \\$aCurrent copyright fee: GBP20.00$c5\9$e01-jan-2003$fGBP20.00$g0$hP$5Uk
=ACF  \\$aCurrent copyright fee: GBP22.58$c0$e01-oct-2002$fGBP22.58$g0$hC$5Uk
=ACF  \\$aPrevious copyright fee: GBP20.00$c5\1$e01-jan-2009$fGBP20.00$g0$hP$5Uk
=ACF  \\$aPrevious copyright fee: GBP21.00$c5\1$e01-jan-2012$fGBP21.00$g0$hP$5Uk
=ACF  \\$aPrevious copyright fee: GBP22.50$c5\1$e01-jan-2013$fGBP22.50$g0$hP$5Uk
=ACF  \\$aPrevious copyright fee: GBP23.40$c5\1$e01-jan-2018$fGBP23.40$g0$hP$5Uk
=ACF  \\$aPrevious copyright fee: GBP17.50$c0$e01-jan-2019$fGBP17.50$g0$hA$5Uk
=ACF  \\$aPrevious Copyright Fee: GBP23.40$c0$e01-apr-2019$fGBP23.40$g0$hC$5Uk
=ACF  \\$aPrevious Copyright Fee: GBP34.00$c0$e01-apr-2021$fGBP34.00$g0$hC$5Uk
=CAT  \\$aCONV$b00$c20040425$lBLL90$h0705
=CAT  \\$aBATCH$b00$c20090101$lBLL01$h0155
=CAT  \\$a10997$b40$c20091215$lBLL01$h1421
=CAT  \\$a8323$b40$c20101110$lBLL01$h1301
=CAT  \\$aWR11_155$c20111021$lBLL01$h1330
=CAT  \\$aWR11_155$c20111114$lBLL01$h1647
=CAT  \\$aBATCH-UPD$b00$c20111123$lBLL01$h1851
=CAT  \\$aIPL-CLA$c20111230$lBLL01$h1846
=CAT  \\$aBATCH-CLA$b00$c20121105$lBLL01$h1742
=CAT  \\$aBATCH-UPD$b00$c20121121$lBLL01$h1654
=CAT  \\$aIPL-CLA$c20121231$lBLL01$h1257
=CAT  \\$aIPL-CLA$c20130102$lBLL01$h1707
=CAT  \\$aWR13.005$c20130322$lBLL01$h2009
=CAT  \\$aBLDSS-3PM$b00$c20141222$lBLL01$h1711
=CAT  \\$aBATCH-UPD$b00$c20170302$lBLL01$h1758
=CAT  \\$aBATCH-UPD$b00$c20171121$lBLL01$h1740
=CAT  \\$aIPL-CLA$c20171231$lBLL01$h1514
=CAT  \\$a5552$b40$c20181018$lBLL01$h1021
=CAT  \\$aIPL-CLA$c20181231$lBLL01$h1536
=CAT  \\$aDEL-3PM$c20190115$lBLL01$h1428
=CAT  \\$aBATCH-CLA$b00$c20190228$lBLL01$h1623
=CAT  \\$aIPL-CLA$c20190331$lBLL01$h1723
=CAT  \\$aBATCH-CLA$b00$c20210227$lBLL01$h1007
=CAT  \\$aIPL-CLA$c20210331$lBLL01$h1657
=CAT  \\$aBATCH-CLA$b00$c20221130$lBLL01$h1422
=CAT  \\$aIPL-CLA$c20221231$lBLL01$h1439
=CAT  \\$aBATCH-CLA$b00$c20230209$lBLL01$h1510
=CAT  \\$aIPL-CLA$c20230209$lBLL01$h2334
=CFI  0\$aCurrent Copyright Fee: GBP34.00$c0$e09-feb-2023$fGBP34.00$g0$hC$5Uk
=CFI  2\$aBritish Library not licensed to copy$c0$e01-jan-2023$hC$iCFP Excluded$5Uk
=EST  \\$a2
=FIN  \\$aY
=FMT  \\$a  SE
=LAS  \\$aIPL-CLA$b00$c20230209$lBLL01$h2334
=LEO  \\$aMP25.0000196815
=LEO  \\$aMP10.0000318896
=LKR  \\$aPAR$b012433643$lBLL01$nJournal of algorithms (Online)$mJournal of algorithms (Print)$r776
=SRC  \\$aSRI01$bbibmp25.200404.2.aa
=SRC  \\$aDSS01$bbibmp10.200404.2.aa
=TCO  \\$aCLA$bCLA$c008
=TOC  \\$aETOC

