=LDR  04966cas a2201177 a 4500
=001  010489520
=003  Uk
=005  20230713091654.0
=007  ta
=008  960403c19969999paufr\p\\\\\\\0\\\a0eng\\
=015  \\$aGB9627001$2bnb
=019  y\$ab9627001
=019  9\$ab9627001
=019  c\$a2528787
=019  0\$as615707009
=022  0\$a1359-4117
=039  0\$a2386
=040  \\$aUk$cUk$dUk
=082  04$a616.99406$220
=210  0\$aJ. exp. ther. oncol.
=222  \0$aJournal of experimental therapeutics & oncology
=245  00$aJournal of experimental therapeutics & oncology :$bofficial journal of the Anticancer Therapeutics and Oncology Society.
=260  \\$aLondon :$bRapid Science,$c1996-
=260  2\$31997-2003$aOxford :$bBlackwell Science
=260  3\$32004-$a[Philadelphia] :$bOld City
=300  \\$av. :$bill., ports. ;$c28 cm.
=310  \\$aSemiannual,$b2015-
=321  \\$aSix issues yearly
=336  \\$atext$2rdacontent
=337  \\$aunmediated$2rdamedia
=338  \\$avolume$2rdacarrier
=362  0\$aVol.1, no.1 (Jan. 1996)-
=500  \\$aOfficial journal of the Anticancer Therapeutics and Oncology Society.
=540  \\$aCurrent Copyright Fee: GBP18.25$c0$5Uk
=588  \\$aLatest issue consulted: volume 12, number 2 (2017).
=650  \0$aOncology$vPeriodicals.
=650  \0$aCancer$xChemotherapy$vPeriodicals.
=710  2\$aAnticancer Therapeutics and Oncology Society.
=776  08$iAlso issued online as:$tJournal of experimental therapeutics and oncology (Online)$x1533-869X
=852  71$aBritish Library$bSTI$k(P)$hHE 65$m-E(5)$2blsrissc$3Vol. 1, no. 1 -v. 1, no. 6 (1996)
=852  41$aBritish Library$bDSC$j4982.800000$3Vol. 1 (1996)-v. 13, no. 2 (2019)
=945  \\$aJournal of experimental therapeutics and oncology
=959  \\$fHeld but not currently received
=963  \\$aCA/M-7 VOL. 1, 1996- *A=1$bN
=985  \\$aRecord merged by DQ team
=985  \\$aISSN responsibility transferred to the U.S. Center (22/01/18)
=ACF  \\$aCurrent copyright fee: GBP22.00$c10\0$e01-jan-2006$fGBP22.00$g0$hP$5Uk
=ACF  \\$aPrevious copyright fee: GBP15.00$c10\0$e01-apr-2004$fGBP15.00$g0$hP$5Uk
=ACF  \\$aCurrent copyright fee: GBP13.00$c10\0$e01-apr-2003$fGBP13.00$g0$hP$5Uk
=ACF  \\$aCurrent copyright fee: GBP13.00$c10\2$e01-jan-2002$fGBP13.00$g0$hP$5Uk
=ACF  \\$aPrevious copyright fee: GBP22.00$c10\0$e08-jan-2007$fGBP22.00$g0$hP$5Uk
=ACF  \\$aCurrent Copyright Fee: GBP5.00$c0$e21-dec-2006$fGBP5.00$g0$hA$5Uk
=ACF  \\$aPrevious copyright fee: GBP12.00$c0$e04-sep-2013$fGBP12.00$g0$hA$5Uk
=ACF  \\$aPrevious Copyright Fee: GBP29.95$c0$e01-jan-2014$fGBP29.95$g0$hC$5Uk
=ACF  \\$aPrevious Copyright Fee: GBP20.00$c0$e01-oct-2019$fGBP20.00$g0$hC$5Uk
=ACF  \\$aPrevious Copyright Fee: GBP19.23$c0$e01-apr-2020$fGBP19.23$g0$hC$5Uk
=ACF  \\$aPrevious Copyright Fee: GBP20.00$c0$e01-jul-2020$fGBP20.00$g0$hC$5Uk
=ACF  \\$aPrevious Copyright Fee: GBP18.06$c0$e01-jul-2021$fGBP18.06$g0$hC$5Uk
=CAT  \\$aCONV$b00$c20040425$lBLL90$h0705
=CAT  \\$aBATCH$b00$c20081124$lBLL01$h1128
=CAT  \\$a8874$b40$c20110330$lBLL01$h0828
=CAT  \\$aBATCH-CLA$b00$c20121105$lBLL01$h1742
=CAT  \\$aWR12_168$c20121206$lBLL01$h1812
=CAT  \\$aWR13.005$c20130322$lBLL01$h2010
=CAT  \\$a5552$b40$c20130904$lBLL01$h0854
=CAT  \\$aBATCH-CLA$b00$c20131129$lBLL01$h1644
=CAT  \\$aIPL-CLA$c20131231$lBLL01$h2123
=CAT  \\$aWR14_140$c20140905$lBLL01$h1742
=CAT  \\$a8483$b40$c20160929$lBLL01$h1204
=CAT  \\$a8483$b40$c20160929$lBLL01$h1210
=CAT  \\$a10806$b40$c20171222$lBLL01$h0752
=CAT  \\$a10806$b40$c20180122$lBLL01$h1007
=CAT  \\$aBATCH-CLA$b00$c20190909$lBLL01$h1718
=CAT  \\$aIPL-CLA$c20190930$lBLL01$h1632
=CAT  \\$aBATCH-CLA$b00$c20200228$lBLL01$h1633
=CAT  \\$aIPL-CLA$c20200331$lBLL01$h1608
=CAT  \\$aBATCH-CLA$b00$c20200529$lBLL01$h1531
=CAT  \\$aIPL-CLA$c20200701$lBLL01$h0050
=CAT  \\$aBATCH-CLA$b00$c20210528$lBLL01$h1524
=CAT  \\$aIPL-CLA$c20210704$lBLL01$h1015
=CAT  \\$aBATCH-CLA$b00$c20210917$lBLL01$h1601
=CAT  \\$aIPL-CLA$c20210930$lBLL01$h1526
=CAT  \\$aBATCH-CLA$b00$c20211203$lBLL01$h0812
=CAT  \\$aIPL-CLA$c20211231$lBLL01$h1539
=CAT  \\$a8335$b40$c20230713$lBLL01$h0916
=CFI  0\$aCurrent Copyright Fee: GBP18.25$c0$e01-jan-2022$fGBP18.25$g0$hC$5Uk
=CFI  2\$aPrevious Copyright Fee: GBP17.74$c0$e01-oct-2021$fGBP17.74$g0$hC$5Uk
=EST  \\$a2
=FIN  \\$aY
=FMT  \\$a  SE
=LAS  \\$a8335$b40$c20230713$lBLL01$h0916
=LEO  \\$aMP22.0000047409
=LEO  \\$aMP25.0000306859
=LEO  \\$aMP5.0000834160
=LEO  \\$aMP10.0000321535
=SRC  \\$aISN01$bbibmp22.200404.2.aa
=SRC  \\$aSRI01$bbibmp25.200404.2.aa
=SRC  \\$aBNB03$bbibmp5.200404.2.ab
=SRC  \\$aDSS01$bbibmp10.200404.2.aa
=TCO  \\$aCLA$bCLA$c008
=TOC  \\$aETOC

