=LDR  05179cas a2201153 a 4500
=001  010489579
=003  Uk
=005  20230209233408.0
=008  800715c19809999nhuqr\p\\\\\\\0\\\a0eng\\
=019  0\$as224120018
=019  c\$a2182439
=022  0\$a0273-8570
=040  \\$aUk$cUk$dUk
=082  04$a598$221
=084  \\$aGC 79$2blsrissc
=210  0\$aJ. field ornithol.
=222  \0$aJournal of field ornithology
=245  00$aJournal of field ornithology.
=260  \\$aNew Ipswich, N.H. :$bNortheastern Bird-banding Association,$c1980-
=300  \\$av. ;$c23 cm.
=310  \\$aQuarterly
=336  \\$atext$2rdacontent
=337  \\$aunmediated$2rdamedia
=338  \\$avolume$2rdacarrier
=362  1\$aBegan with Vol. 51, no. 1 (winter 1980).
=500  \\$a"A journal of ornithological investigation."
=540  \\$aCurrent Copyright Fee: GBP25.00$c0$5Uk
=550  \\$aVols. for 2005- issued by the Association of Field Ornithologists.
=595  \\$aSRIS SHARED STOCK. FORMERLY 2090.500 UP TO VOL. 50(4), 1979.
=650  \0$aOrnithology$vPeriodicals.
=650  \0$aBird banding$vPeriodicals.
=650  \0$aBirds$vPeriodicals.
=710  2\$aNortheastern Bird-banding Association.
=776  0\$tJournal of field ornithology (Online)$x1557-9263
=780  00$tBird-banding$x0006-3630
=852  41$aBritish Library$bDSC$j4984.110000$3Vol. 51 (1980)-v. 67, no. 4 (1996)***All issues from 1997 held at STM***UKRR Retained Title
=852  71$aBritish Library$bSTI$k(P)$hGC 79$m-E(6)$2blsrissc$3Vol. 51 (1980)-v. 80, no. 4 (2009)***Deficient: Vol. 51, no.3 (1980); v. 55, (1984); v. 64 (1993)***UKRR Retained Title
=945  \\$aJOURNAL OF FIELD ORNITHOLOGY.
=959  \\$fHeld but not currently received
=985  \\$aRecord merged by DQ team
=ACF  \\$aPrevious Copyright Fee: GBP16.00$c10\0$e08-may-2006$fGBP16.00$g0$hP$5Uk
=ACF  \\$aPrevious Copyright Fee: GBP25.71$c0$e01-apr-2006$fGBP25.71$g0$hC$5Uk
=ACF  \\$aPrevious Copyright Fee: GBP3.33$c0$e01-jan-2006$fGBP3.33$g0$hC$5Uk
=ACF  \\$aPrevious Copyright Fee: GBP3.24$c0$e01-oct-2005$fGBP3.24$g0$hC$5Uk
=ACF  \\$aPrevious Copyright Fee: GBP3.24$c0$e01-jul-2005$fGBP3.24$g0$hC$5Uk
=ACF  \\$aPrevious Copyright Fee: GBP3.24$c0$e01-apr-2005$fGBP3.24$g0$hC$5Uk
=ACF  \\$aPrevious Copyright Fee: GBP3.33$c0$e01-jan-2005$fGBP3.33$g0$hC$5Uk
=ACF  \\$aPrevious Copyright Fee: GBP3.24$c0$e01-oct-2004$fGBP3.24$g0$hC$5Uk
=ACF  \\$aPrevious copyright fee: GBP5.00$c0$e12-nov-1998$fGBP5.00$g0$hC$5Uk
=ACF  \\$aCurrent copyright fee: GBP5.00$c0$e04-sep-1998$fGBP5.00$g0$hA$5Uk
=ACF  \\$aCurrent copyright fee: GBP4.60$c0$e01-jul-1997$fGBP4.60$g0$hC$5Uk
=ACF  \\$aPrevious copyright fee: GBP17.00$c10\0$e01-jan-2009$fGBP17.00$g0$hP$5Uk
=ACF  \\$aPrevious copyright fee: GBP22.00$c10\0$e01-jan-2011$fGBP22.00$g0$hP$5Uk
=ACF  \\$aPrevious copyright fee: GBP24.00$c10\0$e01-mar-2015$fGBP24.00$g0$hP$5Uk
=ACF  \\$aPrevious copyright fee: GBP24.00$c35\0$e07-mar-2017$fGBP24.00$g0$hP$5Uk
=ACF  \\$aPrevious copyright fee: GBP28.00$c35\0$e01-jan-2019$fGBP28.00$g0$hP$5Uk
=ACF  \\$aPrevious Copyright Fee: GBP32.00$c35\0$e01-jan-2020$fGBP32.00$g0$hP$5Uk
=ACF  \\$aPrevious Copyright Fee: GBP22.50$c0$e01-jan-2022$fGBP22.50$g0$hA$5Uk
=CAT  \\$aCONV$b00$c20040425$lBLL90$h0705
=CAT  \\$aBATCH-UPD$b40$c20101116$lBLL01$h1327
=CAT  \\$aIPL-CLA$c20101231$lBLL01$h1347
=CAT  \\$a8483$b40$c20110913$lBLL01$h1151
=CAT  \\$a8483$b40$c20110913$lBLL01$h1152
=CAT  \\$aBATCH-UPD$b40$c20120614$lBLL01$h2120
=CAT  \\$aBATCH-CLA$b00$c20121105$lBLL01$h1742
=CAT  \\$aWR13.005$c20130322$lBLL01$h2010
=CAT  \\$aBLDSS-3PM$b00$c20141214$lBLL01$h1520
=CAT  \\$aBATCH-UPD$b00$c20150215$lBLL01$h1621
=CAT  \\$aIPL-CLA$c20150228$lBLL01$h2044
=CAT  \\$aBATCH-UPD$b00$c20170302$lBLL01$h1759
=CAT  \\$aW1703-0316$c20170306$lBLL01$h1822
=CAT  \\$aW1703-0316$c20170307$lBLL01$h1646
=CAT  \\$aIPL-CLA$c20170307$lBLL01$h1823
=CAT  \\$aBATCH-UPD$b00$c20180219$lBLL01$h1742
=CAT  \\$aBATCH-UPD$b00$c20181121$lBLL01$h1619
=CAT  \\$aIPL-CLA$c20181231$lBLL01$h1537
=CAT  \\$aR1911-0245$c20191127$lBLL01$h0822
=CAT  \\$aR1911-0245$c20191127$lBLL01$h1044
=CAT  \\$aIPL-CLA$c20191231$lBLL01$h1828
=CAT  \\$a12654$b40$c20211026$lBLL01$h0753
=CAT  \\$aIPL-CLA$c20211231$lBLL01$h1539
=CAT  \\$aDEL-3PM$c20220105$lBLL01$h1525
=CAT  \\$aBATCH-CLA$b00$c20221130$lBLL01$h1452
=CAT  \\$aIPL-CLA$c20221231$lBLL01$h1440
=CAT  \\$aBATCH-CLA$b00$c20230209$lBLL01$h1539
=CAT  \\$aIPL-CLA$c20230209$lBLL01$h2334
=CFI  0\$aCurrent Copyright Fee: GBP25.00$c0$e09-feb-2023$fGBP25.00$g0$hC$5Uk
=CFI  2\$aBritish Library not licensed to copy$c0$e01-jan-2023$hC$iCFP Excluded$5Uk
=EST  \\$a2
=FIN  \\$aY
=FMT  \\$a  SE
=LAS  \\$aIPL-CLA$b00$c20230209$lBLL01$h2334
=LEO  \\$aMP25.0000086553
=LEO  \\$aMP10.0000321620
=SRC  \\$aSRI01$bbibmp25.200404.2.aa
=SRC  \\$aDSS01$bbibmp10.200404.2.aa
=TCO  \\$aTRS$bCCC$c008
=TOC  \\$aETOC
=UNO  \\$aY

