=LDR  04448cas a2201105 a 4500
=001  008209926
=003  Uk
=005  20230209233133.0
=007  ta
=008  771001c19589999enkbr\p\\\\\\\0\\\a0eng\\
=019  c\$a2099977
=019  0\$as202845001
=019  x\$a0993940064
=022  0\$a0024-2829
=030  \\$aLCHNB
=040  \\$aUk$cUk$dUk
=082  04$a579.7$221
=084  \\$aD 80$2blsrissc
=210  0\$aLichenologist$b(Lond.)
=222  \0$aLichenologist$b(London)
=245  00$aLichenologist.
=246  03$aLichenologist (Oxford)
=260  \\$a[London] :$bBritish Lichen Society,$c1958-
=300  \\$av. :$bill., maps ;$c25 cm.
=310  \\$aBi-monthly
=336  \\$atext$2rdacontent
=337  \\$aunmediated$2rdamedia
=338  \\$avolume$2rdacarrier
=540  \\$aCurrent Copyright Fee: GBP15.00$c0$5Uk
=650  \0$aLichens$vPeriodicals.
=710  2\$aBritish Lichen Society.
=776  08$iOnline version:$tLichenologist (London, England : Online)$x1096-1135
=852  41$aBritish Library$bHMNTS$jP.P.2095.aab.
=852  41$aBritish Library$bDSC$j5207.850000$3Vol. 1, no. 1 (1958)-v. 43, no. 6 (2011)***UKRR Retained Title***Stock Incomplete
=852  41$aBritish Library$bHMNTS$jDZK.9.x.637$3Title now taken as electronic copy
=852  71$aBritish Library$bSTI$k(P)$hD 80$m-E(1)$2blsrissc$3Vol.1 (1958)-v. 27 (1995); Deficient: vol.23, no.1, 1991
=945  \\$aLICHENOLOGIST.
=959  \\$fHeld but not currently received
=963  \\$aVOL. 1, 1958- *A=1$bY$cP370.C.166
=985  \\$aRecord merged by DQ team
=A02  \\$a2099977
=ACF  \\$aPrevious Copyright Fee: GBP15.00$c0$e01-apr-2008$fGBP15.00$g0$hC$5Uk
=ACF  \\$aPrevious Copyright Fee: GBP14.00$c0$e01-jul-2006$fGBP14.00$g0$hC$5Uk
=ACF  \\$aPrevious copyright fee: GBP5.00$c0$e01-jan-2004$fGBP5.00$g0$hA$5Uk
=ACF  \\$aCurrent copyright fee: GBP20.00$c5\9$e01-jan-2003$fGBP20.00$g0$hP$5Uk
=ACF  \\$aCurrent copyright fee: GBP22.50$c0$e01-jul-2002$fGBP22.50$g0$hC$5Uk
=ACF  \\$aPrevious Copyright Fee: GBP15.00$c0$e01-jul-2010$fGBP15.00$g0$hC$5Uk
=ACF  \\$aPrevious copyright fee: GBP30.00$c43\0$e03-jun-2016$fGBP30.00$g0$hP$5Uk
=ACF  \\$aPrevious copyright fee: GBP20.00$c43\0$e05-nov-2010$fGBP20.00$g0$hP$5Uk
=ACF  \\$aPrevious Copyright Fee: GBP17.50$c0$e01-apr-2019$fGBP17.50$g0$hA$5Uk
=ACF  \\$aPrevious Copyright Fee: GBP15.00$c0$e01-jul-2019$fGBP15.00$g0$hC$5Uk
=CAT  \\$aCONV$b00$c20040425$lBLL90$h0853
=CAT  \\$aBATCH$b00$c20100401$lBLL01$h1356
=CAT  \\$aBATCH-CLA$b00$c20100602$lBLL01$h1355
=CAT  \\$aBATCH-UPD$b00$c20100630$lBLL01$h1908
=CAT  \\$aBATCH-UPD$b00$c20100630$lBLL01$h1946
=CAT  \\$aIPL-CLA$c20100630$lBLL01$h2012
=CAT  \\$aBATCH-CLA$b00$c20100831$lBLL01$h1516
=CAT  \\$aIPL-CLA$c20100930$lBLL01$h1452
=CAT  \\$a5552$b40$c20101105$lBLL01$h1115
=CAT  \\$aCDS12-UPD$b40$c20111002$lBLL01$h2317
=CAT  \\$aBATCH-CLA$b00$c20121104$lBLL01$h1037
=CAT  \\$aBATCH-UPD$b00$c20121105$lBLL01$h1135
=CAT  \\$a5997$b40$c20121204$lBLL01$h0750
=CAT  \\$aWR13.005$c20130323$lBLL01$h1229
=CAT  \\$aBLDSS-3PM$b00$c20141208$lBLL01$h1622
=CAT  \\$a5552$b40$c20160603$lBLL01$h0737
=CAT  \\$aW1902-1304$c20190314$lBLL01$h1238
=CAT  \\$aBATCH-UPD$b00$c20190314$lBLL01$h1617
=CAT  \\$aIPL-CLA$c20190331$lBLL01$h1721
=CAT  \\$a5552$b40$c20190402$lBLL01$h1604
=CAT  \\$aDEL-3PM$c20190409$lBLL01$h0903
=CAT  \\$a5552$b40$c20190509$lBLL01$h0829
=CAT  \\$aBATCH-CLA$b00$c20190531$lBLL01$h1623
=CAT  \\$aIPL-CLA$c20190630$lBLL01$h1525
=CAT  \\$aBATCH-CLA$b00$c20221130$lBLL01$h1432
=CAT  \\$aIPL-CLA$c20221231$lBLL01$h1434
=CAT  \\$aBATCH-CLA$b00$c20230209$lBLL01$h1519
=CAT  \\$aIPL-CLA$c20230209$lBLL01$h2331
=CFI  0\$aCurrent Copyright Fee: GBP15.00$c0$e09-feb-2023$fGBP15.00$g0$hC$5Uk
=CFI  2\$aBritish Library not licensed to copy$c0$e01-jan-2023$hC$iCFP Excluded$5Uk
=EST  \\$a2
=FIN  \\$aY
=FMT  \\$a  SE
=LAS  \\$aIPL-CLA$b00$c20230209$lBLL01$h2331
=LEO  \\$aMP10.0000345048
=LEO  \\$aMP22.0000001281
=LEO  \\$aMP25.0000075075
=LEO  \\$aMP1.0001185827
=SRC  \\$aDSS01$bbibmp10.200404.2.aa
=SRC  \\$aBLS01$bbibmp1.200404.2.ab
=SRC  \\$aISN01$bbibmp22.200404.2.aa
=SRC  \\$aSRI01$bbibmp25.200404.2.aa
=TCO  \\$aCLA$bCLA$c008
=TOC  \\$aETOC

