=LDR  04541cas a2201081 a 4500
=001  008552148
=003  Uk
=005  20230209233152.0
=007  ta
=008  780601c19709999nyubr\p\\\\\\\0\\\a0eng\\
=019  0\$as263508005
=019  c\$a2136667
=022  0\$a0033-5894
=040  \\$aUk$cUk$dUk
=082  04$a551.79$223
=084  \\$aOA 34$2blsrissc
=084  \\$aCF 41$2blsrissc
=210  1\$aQuat. res.$b(Print)
=222  \0$aQuaternary research$b(Print)
=245  00$aQuaternary research :$ban interdisciplinary journal.
=246  13$aQR
=260  \\$aNew York ;$aLondon :$bAcademic Press,$c1970-
=300  \\$av. :$bill. ;$c26 cm.
=310  \\$aQuarterly
=336  \\$atext$2rdacontent
=337  \\$aunmediated$2rdamedia
=338  \\$avolume$2rdacarrier
=362  0\$aVol. 1, no. 1 (Sept. 1970)-
=540  \\$aCurrent Copyright Fee: GBP22.50$c0$5Uk
=595  \\$aSEE ALSO SERIAL RECORDS LULS 1 AND KCS HUM.
=650  \0$aGeology, Stratigraphic$yQuaternary$vPeriodicals.
=650  \0$aGlacial epoch$vPeriodicals.
=710  2\$aUniversity of Washington.$bQuaternary Research Center.
=710  2\$aAmerican Quaternary Association.
=776  1\$tQuaternary research (Online)$x1096-0287
=852  41$aBritish Library$bDSC$j7210.100000$3Vol. 1, no. 1/2 (1970/71)-v. 76, issue 3 (2011)***Stock incomplete. Deficient: Vol. 76, issue 1 (2011)***UKRR Retained Title
=852  71$aBritish Library$bSTI$k(P)$hOA 34$m-E(3)$2blsrissc$3Vol. 1 (1970)-v. 45 (1996).***UKRR Retained Title
=945  \\$aQUATERNARY RESEARCH -NEW YORK LONDON- ACADEMIC PRESS-.
=959  \\$fHeld but not currently received
=963  \\$aVOL. 1, 1970- *A=1$bY$cP368.B.16
=985  \\$aRecord merged by DQ team
=A02  \\$a2136667
=ACF  \\$aPrevious copyright fee: GBP19.00$c5\9$e01-jan-2008$fGBP19.00$g0$hP$5Uk
=ACF  \\$aPrevious copyright fee: GBP18.00$c5\9$e01-apr-2004$fGBP18.00$g0$hP$5Uk
=ACF  \\$aCurrent copyright fee: GBP20.00$c5\9$e01-jan-2003$fGBP20.00$g0$hP$5Uk
=ACF  \\$aCurrent copyright fee: GBP22.58$c0$e01-oct-2002$fGBP22.58$g0$hC$5Uk
=ACF  \\$aPrevious copyright fee: GBP20.00$c5\1$e01-jan-2009$fGBP20.00$g0$hP$5Uk
=ACF  \\$aPrevious copyright fee: GBP21.00$c5\1$e01-jan-2012$fGBP21.00$g0$hP$5Uk
=ACF  \\$aPrevious copyright fee: GBP22.50$c5\1$e01-jan-2013$fGBP22.50$g0$hP$5Uk
=ACF  \\$aPrevious copyright fee: GBP25.00$c43\0$e01-jan-2017$fGBP25.00$g0$hP$5Uk
=ACF  \\$aPrevious Copyright Fee: GBP17.50$c0$e01-apr-2019$fGBP17.50$g0$hA$5Uk
=ACF  \\$aPrevious Copyright Fee: GBP10.00$c0$e01-jul-2019$fGBP10.00$g0$hC$5Uk
=ACF  \\$aPrevious Copyright Fee: GBP22.50$c0$e01-apr-2021$fGBP22.50$g0$hC$5Uk
=CAT  \\$aCONV$b00$c20040425$lBLL90$h0709
=CAT  \\$aWR11_155$c20111021$lBLL01$h1330
=CAT  \\$aWR11_155$c20111114$lBLL01$h1647
=CAT  \\$aBATCH-UPD$b00$c20111123$lBLL01$h1850
=CAT  \\$aIPL-CLA$c20111230$lBLL01$h1736
=CAT  \\$aBATCH-CLA$b00$c20121104$lBLL01$h1026
=CAT  \\$aBATCH-UPD$b00$c20121121$lBLL01$h1653
=CAT  \\$aIPL-CLA$c20121231$lBLL01$h1248
=CAT  \\$aIPL-CLA$c20130102$lBLL01$h1650
=CAT  \\$aWR13.005$c20130323$lBLL01$h1333
=CAT  \\$aBLDSS-3PM$b00$c20141222$lBLL01$h1709
=CAT  \\$a10806$b40$c20160728$lBLL01$h1449
=CAT  \\$a5552$b40$c20161128$lBLL01$h1339
=CAT  \\$aIPL-CLA$c20161230$lBLL01$h1839
=CAT  \\$aBATCH-UPD$b00$c20170104$lBLL01$h0050
=CAT  \\$a8871$b40$c20170426$lBLL01$h1608
=CAT  \\$aW1902-1304$c20190314$lBLL01$h1238
=CAT  \\$aBATCH-UPD$b00$c20190314$lBLL01$h1617
=CAT  \\$aIPL-CLA$c20190331$lBLL01$h1721
=CAT  \\$aDEL-3PM$c20190409$lBLL01$h0903
=CAT  \\$aBATCH-CLA$b00$c20190531$lBLL01$h1623
=CAT  \\$aIPL-CLA$c20190630$lBLL01$h1526
=CAT  \\$aBATCH-CLA$b00$c20210227$lBLL01$h1015
=CAT  \\$aIPL-CLA$c20210331$lBLL01$h1655
=CAT  \\$aBATCH-CLA$b00$c20221130$lBLL01$h1453
=CAT  \\$aIPL-CLA$c20221231$lBLL01$h1435
=CAT  \\$aBATCH-CLA$b00$c20230209$lBLL01$h1540
=CAT  \\$aIPL-CLA$c20230209$lBLL01$h2331
=CFI  0\$aCurrent Copyright Fee: GBP22.50$c0$e09-feb-2023$fGBP22.50$g0$hC$5Uk
=CFI  2\$aBritish Library not licensed to copy$c0$e01-jan-2023$hC$iCFP Excluded$5Uk
=EST  \\$a2
=FIN  \\$aY
=FMT  \\$a  SE
=LAS  \\$aIPL-CLA$b00$c20230209$lBLL01$h2331
=LEO  \\$aMP25.0000105676
=LEO  \\$aMP10.0000475865
=SRC  \\$aSRI01$bbibmp25.200404.2.aa
=SRC  \\$aDSS01$bbibmp10.200404.2.aa
=TCO  \\$aTRS$bCCC$c008
=TOC  \\$aETOC

