=LDR  05519cas a2201285 a 4500
=001  008888137
=003  Uk
=005  20230209233158.0
=007  ta
=008  810203c19359999enkbr\p\\\\\\\0\\\b0mul\\
=015  \\$aGBA539411$2bnb
=019  c\$a2053715
=019  0\$as227572009
=019  x\$a2520130164
=022  0\$a0010-437X$202
=040  \\$aUk$beng$cUk$dUk
=041  0\$aeng$afre$ager$aita
=042  \\$aissnuk
=082  04$a510.5$222
=084  \\$aP 00$2blsrissc
=210  0\$aCompos. math.$b(Print)
=222  \0$aCompositio mathematica$b(Print)
=245  00$aCompositio mathematica.
=260  \\$aGroningen :$bNoordhoff,$c1935-
=260  2\$aAlphen aan den Rijn :$bSijthoff & Noordhoff
=260  2\$aDordrecht :$bKluwer Academic Publishers
=260  3\$32004-$aCambridge :$bAt Cambridge University Press by the London Mathematical Society
=300  \\$av. ;$c28 cm.
=310  \\$aBimonthly,$b2004-
=321  \\$aMonthly (except twice in Jan., May, and Sept.),$b<1993>-2003
=336  \\$atext$2rdacontent
=337  \\$aunmediated$2rdamedia
=338  \\$avolume$2rdacarrier
=362  0\$aVol. 1, fasc. 1 (Jan. 25, 1934)-
=500  \\$aLatest issue consulted: Vol. 140, no. 5 (Sept. 2004).
=515  \\$aPublication suspended 1941-49.
=530  \\$aAlso available on the Internet.
=540  \\$aCurrent Copyright Fee: GBP22.50$c0$5Uk
=546  \\$aText in English, French, German or Italian.
=650  \0$aMathematics$vPeriodicals.
=710  2\$aLondon Mathematical Society.
=776  0\$tCompositio mathematica (Online)$x1570-5846
=852  41$aBritish Library$bHMNTS$jP.P.1581.e.
=852  71$aBritish Library$bSTI$k(P)$hP 00$m-E(24)$2blsrissc$3Volume 1 (1935)-Volume 114 (1998), Volume 149 Number 12(2013)***Title now taken as electronic copy
=852  41$aBritish Library$bDSC$j3366.000000$3Vol. 1 (1934)-v. 104, no. 3 (1996)***UKRR Retained Title
=945  \\$aCompositio mathematica.
=959  \\$fCurrently received
=963  \\$aVOL. 1, 1934- *A=1$bY$cP348.C.98
=964  \\$aVOL. 1, 1935- *A=1$c51$dO$eJC785
=968  \\$aC
=985  \\$aISSN responsibility transferred from ISSN Netherlands 14/8/07
=A02  \\$a2053715
=ACF  \\$aPrevious copyright fee: GBP21.25$c13\1$e01-jan-2009$fGBP21.25$g0$hP$5Uk
=ACF  \\$aPrevious copyright fee: GBP16.75$c13\1$e01-jan-2007$fGBP16.75$g0$hP$5Uk
=ACF  \\$aPrevious copyright fee: GBP16.22$c13\1$e01-oct-2006$fGBP16.22$g0$hP$5Uk
=ACF  \\$aPrevious copyright fee: GBP17.14$c13\1$e01-apr-2006$fGBP17.14$g0$hP$5Uk
=ACF  \\$aPrevious copyright fee: GBP16.67$c13\1$e01-jan-2006$fGBP16.67$g0$hP$5Uk
=ACF  \\$aPrevious copyright fee: GBP16.22$c13\1$e01-apr-2005$fGBP16.22$g0$hP$5Uk
=ACF  \\$aPrevious copyright fee: GBP16.67$c13\1$e01-jan-2005$fGBP16.67$g0$hP$5Uk
=ACF  \\$aPrevious copyright fee: GBP13.51$c13\1$e01-apr-2004$fGBP13.51$g0$hP$5Uk
=ACF  \\$aCurrent copyright fee: GBP14.71$c13\1$e01-jan-2004$fGBP14.71$g0$hP$5Uk
=ACF  \\$aCurrent copyright fee: GBP15.63$c13\1$e01-jan-2003$fGBP15.63$g0$hP$5Uk
=ACF  \\$aCurrent copyright fee: GBP22.00$c13\1$e01-apr-2009$fGBP22.00$g0$hP$5Uk
=ACF  \\$aPrevious copyright fee: GBP20.00$c43\0$e18-feb-2011$fGBP20.00$g0$hP$5Uk
=ACF  \\$aPrevious copyright fee: GBP30.00$c43\0$e01-jul-2016$fGBP30.00$g0$hP$5Uk
=ACF  \\$aPrevious Copyright Fee: GBP17.50$c0$e01-apr-2019$fGBP17.50$g0$hA$5Uk
=ACF  \\$aPrevious Copyright Fee: GBP10.00$c0$e01-jul-2019$fGBP10.00$g0$hC$5Uk
=ACF  \\$aPrevious Copyright Fee: GBP22.50$c0$e01-apr-2021$fGBP22.50$g0$hC$5Uk
=CAT  \\$aCONV$b00$c20040425$lBLL90$h0853
=CAT  \\$aBATCH-UPD$b00$c20090331$lBLL01$h2219
=CAT  \\$aBATCH-UPD$b00$c20090331$lBLL01$h2355
=CAT  \\$aBATCH$b00$c20090401$lBLL01$h0123
=CAT  \\$aBATCH$b00$c20091209$lBLL01$h0252
=CAT  \\$a5552$b40$c20110218$lBLL01$h0909
=CAT  \\$a5552$b40$c20110218$lBLL01$h0930
=CAT  \\$aBATCH-CLA$b00$c20121104$lBLL01$h1021
=CAT  \\$aBATCH-UPD$b00$c20121105$lBLL01$h1135
=CAT  \\$aWR12_168$c20121206$lBLL01$h1810
=CAT  \\$a8483$b40$c20130110$lBLL01$h1347
=CAT  \\$a8483$b40$c20130110$lBLL01$h1349
=CAT  \\$aWR13.005$c20130323$lBLL01$h1515
=CAT  \\$aBLDSS-3PM$b00$c20141208$lBLL01$h1622
=CAT  \\$a5552$b40$c20160601$lBLL01$h1150
=CAT  \\$aIPL-CLA$c20160630$lBLL01$h1604
=CAT  \\$aW1902-1304$c20190314$lBLL01$h1238
=CAT  \\$aBATCH-UPD$b00$c20190314$lBLL01$h1617
=CAT  \\$aIPL-CLA$c20190331$lBLL01$h1722
=CAT  \\$aDEL-3PM$c20190409$lBLL01$h0904
=CAT  \\$aBATCH-CLA$b00$c20190531$lBLL01$h1623
=CAT  \\$aIPL-CLA$c20190630$lBLL01$h1526
=CAT  \\$aBATCH-CLA$b00$c20210227$lBLL01$h1012
=CAT  \\$aIPL-CLA$c20210331$lBLL01$h1656
=CAT  \\$aBATCH-CLA$b00$c20221130$lBLL01$h1443
=CAT  \\$aIPL-CLA$c20221231$lBLL01$h1435
=CAT  \\$aBATCH-CLA$b00$c20230209$lBLL01$h1531
=CAT  \\$aIPL-CLA$c20230209$lBLL01$h2331
=CFI  0\$aCurrent Copyright Fee: GBP22.50$c0$e09-feb-2023$fGBP22.50$g0$hC$5Uk
=CFI  2\$aBritish Library not licensed to copy$c0$e01-jan-2023$hC$iCFP Excluded$5Uk
=EST  \\$a2
=FIN  \\$aY
=FMT  \\$a  SE
=LAS  \\$aIPL-CLA$b00$c20230209$lBLL01$h2331
=LEO  \\$aMP1.0003010685
=LEO  \\$aMP10.0000158975
=LEO  \\$aMP25.0000088401
=SRC  \\$aBLS01$bbibmp1.200404.2.ad
=SRC  \\$aDSS01$bbibmp10.200404.2.aa
=SRC  \\$aSRI01$bbibmp25.200404.2.aa
=TCO  \\$aCLA$bCLA$c008
=TOC  \\$aETOC

