=LDR  06293 as a2201381ui 4500
=001  008890779
=003  Uk
=005  20201124183202.0
=007  ta
=008  791009c19599999xr\qr\p\\\\\\\0\\\a0eng\\
=019  c\$a2035364
=019  0\$as235150002
=019  x\$a2643510062
=022  0\$a0006-3134
=040  \\$aUk$cUk$dUk
=041  0\$aeng$bcze$bger$brus
=082  04$a571.2$221
=084  \\$aCP 00$2blsrissc
=210  0\$aBiol. plant.
=222  \0$aBiologia plantarum
=242  00$aPlant biology.$yeng
=245  00$aBiologia plantarum /$cAcademia scientiarum bohemoslovenica.
=260  \\$aPraha :$bBiologický ústav ČSAV,$c1959-
=300  \\$av. :$bill. ;$c24-25 cm.
=310  \\$aQuarterly,$b1992-
=321  \\$aFour no. a year,$b1959-64
=321  \\$a6 no. a year,$b1965-91
=336  \\$atext$2rdacontent
=337  \\$aunmediated$2rdamedia
=338  \\$avolume$2rdacarrier
=362  0\$aTomus 1, 1-
=525  \\$aSupplements accompany some vols.
=530  \\$aAlso issued online.
=540  \\$aCurrent Copyright Fee: GBP29.95$c0$5Uk
=546  \\$aEnglish, French, German, Russian; summaries in Czech, English, and Russian; English, <1991->
=550  \\$aVols. for 1962- issued by Czechoslovak Academy of Science, Institute of Experimental Botany.
=595  \\$aFORMERLY 3120.5 CHANGE BETWEEN VOL. 7, 1958 AND 1, 1959 SEE ALSO SERIAL RECORDS SCRI.
=650  \0$aBotany$vPeriodicals.
=710  2\$aČeskoslovenská akademie věd.
=710  2\$aBiologický ústav (Československá akademie věd)
=710  2\$aÚstav experimentální botaniky ČSAV.
=776  0\$tBiologia plantarum (Online)
=780  00$tČeskoslovenská biologie$x0411-6038
=852  41$aBritish Library$bDSC$j2072.850000$3T. 1, no. 1 (1959)-t. 59, no. 4 (2015)***UKRR Retained Title
=852  71$aBritish Library$bSTI$k(P)$hCP 00$m-E(39)$2blsrissc$3Tomus 1 (1959)- v 58 (2014)***UKRR Retained Title***Deficient: tom 27, nr 6
=945  \\$aBIOLOGIA PLANTARUM.
=959  \\$fHeld but not currently received
=963  \\$aCA/U-2 4, 1962- 34, 1992 *A=1$bY
=968  \\$aC
=985  \\$aRecord merged by DQ team
=985  \\$aUpgraded by BSS-generated file for WR2011-1473
=A02  \\$a2035364
=ACF  \\$aPrevious copyright fee: GBP21.25$c13\1$e01-jan-2009$fGBP21.25$g0$hP$5Uk
=ACF  \\$aPrevious copyright fee: GBP16.75$c13\1$e01-jan-2007$fGBP16.75$g0$hP$5Uk
=ACF  \\$aPrevious copyright fee: GBP16.22$c13\1$e01-oct-2006$fGBP16.22$g0$hP$5Uk
=ACF  \\$aPrevious copyright fee: GBP17.14$c13\1$e01-apr-2006$fGBP17.14$g0$hP$5Uk
=ACF  \\$aPrevious copyright fee: GBP16.67$c13\1$e01-jan-2006$fGBP16.67$g0$hP$5Uk
=ACF  \\$aPrevious copyright fee: GBP16.22$c13\1$e01-apr-2005$fGBP16.22$g0$hP$5Uk
=ACF  \\$aPrevious copyright fee: GBP16.67$c13\1$e01-jan-2005$fGBP16.67$g0$hP$5Uk
=ACF  \\$aPrevious copyright fee: GBP13.51$c13\1$e01-apr-2004$fGBP13.51$g0$hP$5Uk
=ACF  \\$aCurrent copyright fee: GBP14.71$c13\1$e01-jan-2004$fGBP14.71$g0$hP$5Uk
=ACF  \\$aCurrent copyright fee: GBP15.63$c13\1$e01-jan-2003$fGBP15.63$g0$hP$5Uk
=ACF  \\$aPrevious copyright fee: GBP22.00$c13\1$e01-apr-2009$fGBP22.00$g0$hP$5Uk
=ACF  \\$aPrevious copyright fee: GBP22.00$c13\1$e12-aug-2012$fGBP22.00$g0$hP$5Uk
=ACF  \\$aPrevious copyright fee: GBP25.00$c13\1$e01-jan-2013$fGBP25.00$g0$hP$5Uk
=ACF  \\$aPrevious copyright fee: GBP25.77$c13\1$e01-jul-2013$fGBP25.77$g0$hP$5Uk
=ACF  \\$aPrevious copyright fee: GBP24.97$c13\1$e01-jan-2014$fGBP24.97$g0$hP$5Uk
=ACF  \\$aPrevious copyright fee: GBP24.21$c13\1$e01-jul-2014$fGBP24.21$g0$hP$5Uk
=ACF  \\$aPrevious copyright fee: GBP25.77$c13\1$e01-apr-2015$fGBP25.77$g0$hP$5Uk
=ACF  \\$aPrevious copyright fee: GBP26.63$c13\1$e01-jul-2015$fGBP26.63$g0$hP$5Uk
=ACF  \\$aPrevious copyright fee: GBP25.77$c13\1$e01-oct-2015$fGBP25.77$g0$hP$5Uk
=ACF  \\$aPrevious copyright fee: GBP27.55$c13\1$e01-apr-2016$fGBP27.55$g0$hP$5Uk
=ACF  \\$aPrevious copyright fee: GBP29.59$c13\1$e01-oct-2016$fGBP29.59$g0$hP$5Uk
=ACF  \\$aPrevious copyright fee: GBP31.96$c13\1$e01-apr-2017$fGBP31.96$g0$hP$5Uk
=ACF  \\$aPrevious copyright fee: GBP30.73$c13\1$e01-oct-2017$fGBP30.73$g0$hP$5Uk
=ACF  \\$aPrevious copyright fee: GBP28.54$c13\1$e01-apr-2018$fGBP28.54$g0$hP$5Uk
=ACF  \\$aPrevious copyright fee: GBP34.00$c22\1$e01-jul-2018$fGBP34.00$g0$hP$5Uk
=CAT  \\$aCONV$b00$c20040425$lBLL90$h0853
=CAT  \\$aBATCH-UPD$b00$c20150820$lBLL01$h1750
=CAT  \\$aIPL-CLA$c20150930$lBLL01$h1746
=CAT  \\$aBATCH-UPD$b00$c20160217$lBLL01$h1636
=CAT  \\$a9713$b40$c20160226$lBLL01$h1429
=CAT  \\$aIPL-CLA$c20160331$lBLL01$h1703
=CAT  \\$aBATCH-UPD$b00$c20160413$lBLL01$h1804
=CAT  \\$aBATCH-UPD$b00$c20160524$lBLL01$h2154
=CAT  \\$aBATCH-UPD$b00$c20160524$lBLL01$h2230
=CAT  \\$aBATCH-UPD$b00$c20160824$lBLL01$h1713
=CAT  \\$aIPL-CLA$c20160930$lBLL01$h1547
=CAT  \\$aBATCH-UPD$b00$c20170216$lBLL01$h1800
=CAT  \\$aIPL-CLA$c20170331$lBLL01$h1830
=CAT  \\$aBATCH-UPD$b00$c20170904$lBLL01$h1801
=CAT  \\$aIPL-CLA$c20170929$lBLL01$h1712
=CAT  \\$aBATCH-UPD$b00$c20180223$lBLL01$h1616
=CAT  \\$aIPL-CLA$c20180331$lBLL01$h1601
=CAT  \\$aBATCH-UPD$b00$c20180524$lBLL01$h1651
=CAT  \\$aIPL-CLA$c20180630$lBLL01$h1909
=CAT  \\$a5552$b40$c20181128$lBLL01$h1059
=CAT  \\$aBATCH-UPD$b40$c20181204$lBLL01$h2319
=CAT  \\$aIPL-CLA$c20181231$lBLL01$h1534
=CAT  \\$aDEL-3PM$c20190115$lBLL01$h1428
=CAT  \\$aBATCH-CLA$b00$c20190228$lBLL01$h1622
=CAT  \\$aIPL-CLA$c20190331$lBLL01$h1722
=CAT  \\$aW2011-1473$b00$c20201124$lBLL01$h1832
=CFI  0\$aCurrent Copyright Fee: GBP29.95$c0$e01-apr-2019$fGBP29.95$g0$hC$5Uk
=CFI  2\$aPrevious Copyright Fee: GBP17.50$c0$e01-jan-2019$fGBP17.50$g0$hA$5Uk
=EST  \\$a2
=FIN  \\$aY
=FMT  \\$a  SE
=LAS  \\$aW2011-1473$b00$c20201124$lBLL01$h1832
=LEO  \\$aMP1.0003169646
=LEO  \\$aMP10.0000099596
=LEO  \\$aMP25.0000091442
=SRC  \\$aBLS01$bbibmp1.200404.2.ad
=SRC  \\$aDSS01$bbibmp10.200404.2.aa
=SRC  \\$aSRI01$bbibmp25.200404.2.aa
=TCO  \\$aXXX$c008
=TOC  \\$aETOC
=UNO  \\$aY

