=LDR  06703cas a2201441 a 4500
=001  009083287
=003  Uk
=005  20230209233204.0
=007  ta
=008  950911d19952002enkqr\p\\\\\\\0\\\a0eng\\
=015  \\$aGB9568772$2bnb
=019  y\$ab9568772
=019  9\$ab9568772
=019  c\$a2513772
=019  0\$as611286009
=022  0\$a1353-5226$202
=039  0\$a2354
=040  \\$aUk$cUk$dUk
=042  \\$aissnuk
=082  04$a632.9$221
=084  \\$aEA 585$2blsrissc
=210  0\$aIntegr. pest manag. rev.
=222  \0$aIntegrated pest management reviews
=245  00$aIntegrated pest management reviews.
=260  \\$aLondon :$bChapman & Hall,$c1995-2002.
=300  \\$av. :$bill., maps ;$c28 cm.
=310  \\$aQuarterly
=336  \\$atext$2rdacontent
=337  \\$aunmediated$2rdamedia
=338  \\$avolume$2rdacarrier
=362  0\$aVol. 1, no. 1 (Mar. 1995)-v. 7, no. 4 (2002)
=540  \\$aCurrent Copyright Fee: GBP29.95$c0$5Uk
=650  \0$aPests$xIntegrated control$vPeriodicals.
=650  \0$aAgricultural pests$xIntegrated control$vPeriodicals.
=653  1\$aPests$aControl
=776  08$iAlso issued online as:$tIntegrated pest management reviews$x1572-9745
=852  41$aBritish Library$bDSC$j4531.816103$3Vol. 1 (1995)-v. 7 (2002).***UKRR Retained Title
=852  41$aBritish Library$bHMNTS$jDZK.9.x.54$3Vol. 6, no. 1 (2001)-v. 7, no. 4 (2002)
=852  71$aBritish Library$bSTI$k(P)$hEA 585$m-E(3)$2blsrissc$3Vol. 1 (1995)-v. 5 (2000)
=945  \\$aINTEGRATED PEST MANAGEMENT REVIEWS
=959  \\$fHeld but not currently received
=963  \\$aVOL. 1, 1995- *A=1$bN$cL440.B.1074
=A02  \\$a2513772
=ACF  \\$aPrevious Copyright Fee: GBP22.00$c0$e01-apr-2012$fGBP22.00$g0$hC$5Uk
=ACF  \\$aPrevious Copyright Fee: GBP22.00$c0$e01-jan-2012$fGBP22.00$g0$hC$5Uk
=ACF  \\$aPrevious Copyright Fee: GBP22.00$c0$e01-oct-2011$fGBP22.00$g0$hC$5Uk
=ACF  \\$aPrevious Copyright Fee: GBP22.00$c0$e01-jul-2011$fGBP22.00$g0$hC$5Uk
=ACF  \\$aPrevious Copyright Fee: GBP22.00$c0$e01-apr-2011$fGBP22.00$g0$hC$5Uk
=ACF  \\$aPrevious Copyright Fee: GBP22.00$c0$e01-jan-2011$fGBP22.00$g0$hC$5Uk
=ACF  \\$aPrevious Copyright Fee: GBP22.00$c0$e01-oct-2010$fGBP22.00$g0$hC$5Uk
=ACF  \\$aPrevious Copyright Fee: GBP22.00$c0$e01-jul-2010$fGBP22.00$g0$hC$5Uk
=ACF  \\$aPrevious Copyright Fee: GBP22.00$c0$e01-apr-2010$fGBP22.00$g0$hC$5Uk
=ACF  \\$aPrevious Copyright Fee: GBP22.00$c0$e01-Jan-2010$fGBP22.00$g0$hC$5Uk
=ACF  \\$aPrevious Copyright Fee: GBP22.00$c0$e01-oct-2009$fGBP22.00$g0$hC$5Uk
=ACF  \\$aPrevious Copyright Fee: GBP22.00$c0$e01-jul-2009$fGBP22.00$g0$hC$5Uk
=ACF  \\$aPrevious Copyright Fee: GBP22.00$c0$e01-apr-2009$fGBP22.00$g0$hC$5Uk
=ACF  \\$aPrevious Copyright Fee: GBP16.75$c0$e01-jan-2009$fGBP16.75$g0$hC$5Uk
=ACF  \\$aPrevious Copyright Fee: GBP16.75$c0$e01-oct-2008$fGBP16.75$g0$hC$5Uk
=ACF  \\$aPrevious Copyright Fee: GBP16.75$c0$e01-jul-2008$fGBP16.75$g0$hC$5Uk
=ACF  \\$aPrevious Copyright Fee: GBP16.75$c0$e01-apr-2008$fGBP16.75$g0$hC$5Uk
=ACF  \\$aPrevious Copyright Fee: GBP16.75$c0$e01-jan-2008$fGBP16.75$g0$hC$5Uk
=ACF  \\$aPrevious Copyright Fee: GBP16.75$c0$e01-oct-2007$fGBP16.75$g0$hC$5Uk
=ACF  \\$aPrevious Copyright Fee: GBP16.75$c0$e01-jul-2007$fGBP16.75$g0$hC$5Uk
=ACF  \\$aPrevious Copyright Fee: GBP16.75$c0$e01-apr-2007$fGBP16.75$g0$hC$5Uk
=ACF  \\$aPrevious Copyright Fee: GBP16.50$c0$e01-jan-2007$fGBP16.50$g0$hC$5Uk
=ACF  \\$aPrevious Copyright Fee: GBP16.50$c0$e01-oct-2006$fGBP16.50$g0$hC$5Uk
=ACF  \\$aPrevious Copyright Fee: GBP16.50$c0$e01-jul-2006$fGBP16.50$g0$hC$5Uk
=ACF  \\$aPrevious Copyright Fee: GBP16.50$c0$e01-apr-2006$fGBP16.50$g0$hC$5Uk
=ACF  \\$aPrevious Copyright Fee: GBP16.50$c0$e01-jan-2006$fGBP16.50$g0$hC$5Uk
=ACF  \\$aPrevious Copyright Fee: GBP16.50$c0$e01-oct-2005$fGBP16.50$g0$hC$5Uk
=ACF  \\$aPrevious Copyright Fee: GBP16.50$c0$e01-jul-2005$fGBP16.50$g0$hC$5Uk
=ACF  \\$aPrevious Copyright Fee: GBP16.50$c0$e01-apr-2005$fGBP16.50$g0$hC$5Uk
=ACF  \\$aPrevious copyright fee: GBP5.00$c0$e01-jan-2005$fGBP5.00$g0$hA$5Uk
=ACF  \\$aPrevious copyright fee: GBP13.51$c13\1$e01-apr-2004$fGBP13.51$g0$hP$5Uk
=ACF  \\$aCurrent copyright fee: GBP14.71$c13\1$e01-jan-2004$fGBP14.71$g0$hP$5Uk
=ACF  \\$aCurrent copyright fee: GBP15.63$c13\1$e01-jan-2003$fGBP15.63$g0$hP$5Uk
=ACF  \\$aPrevious Copyright Fee: GBP22.00$c0$e01-jul-2012$fGBP22.00$g0$hC$5Uk
=ACF  \\$aPrevious Copyright Fee: GBP22.00$c0$e01-oct-2012$fGBP22.00$g0$hC$5Uk
=ACF  \\$aPrevious Copyright Fee: GBP29.95$c0$e01-jan-2013$fGBP29.95$g0$hC$5Uk
=CAT  \\$aWR09-126
=CAT  \\$aIPL-CLA$c20101231$lBLL01$h1240
=CAT  \\$aBATCH-CLA$b00$c20110228$lBLL01$h1554
=CAT  \\$aIPL-CLA$c20110331$lBLL01$h1435
=CAT  \\$aBATCH-CLA$b00$c20110531$lBLL01$h1646
=CAT  \\$aIPL-CLA$c20110630$lBLL01$h1516
=CAT  \\$aBATCH-CLA$b00$c20110831$lBLL01$h1814
=CAT  \\$aIPL-CLA$c20110930$lBLL01$h1516
=CAT  \\$aBATCH-CLA$b00$c20111130$lBLL01$h1222
=CAT  \\$aIPL-CLA$c20111230$lBLL01$h1742
=CAT  \\$aBATCH-CLA$b00$c20120229$lBLL01$h1633
=CAT  \\$aIPL-CLA$c20120330$lBLL01$h1402
=CAT  \\$aBATCH-CLA$b00$c20120531$lBLL01$h1722
=CAT  \\$aIPL-CLA$c20120629$lBLL01$h0958
=CAT  \\$aBATCH-CLA$b00$c20120831$lBLL01$h1547
=CAT  \\$aIPL-CLA$c20120930$lBLL01$h2018
=CAT  \\$aBATCH-CLA$b00$c20121104$lBLL01$h1019
=CAT  \\$aBATCH-CLA$b00$c20121130$lBLL01$h1248
=CAT  \\$aIPL-CLA$c20121231$lBLL01$h1249
=CAT  \\$aIPL-CLA$c20130102$lBLL01$h1651
=CAT  \\$a8874$b40$c20130206$lBLL01$h0818
=CAT  \\$a10806$b40$c20130311$lBLL01$h1317
=CAT  \\$aWR13.005$c20130329$lBLL01$h1244
=CAT  \\$aWR14_140$c20140905$lBLL01$h1731
=CAT  \\$aBATCH-CLA$b00$c20221130$lBLL01$h1444
=CAT  \\$aIPL-CLA$c20221231$lBLL01$h1435
=CAT  \\$aBATCH-CLA$b00$c20230209$lBLL01$h1531
=CAT  \\$aIPL-CLA$c20230209$lBLL01$h2332
=CFI  0\$aCurrent Copyright Fee: GBP29.95$c0$e09-feb-2023$fGBP29.95$g0$hC$5Uk
=CFI  2\$aBritish Library not licensed to copy$c0$e01-jan-2023$hC$iCFP Excluded$5Uk
=EST  \\$a2
=FIN  \\$aY
=FMT  \\$a  SE
=LAS  \\$aIPL-CLA$b00$c20230209$lBLL01$h2332
=LEO  \\$aMP5.0000830093
=LEO  \\$aMP10.0000289307
=LEO  \\$aMP22.0000043252
=LEO  \\$aMP25.0000302524
=SRC  \\$aBNB03$bbibmp5.200404.2.ab
=SRC  \\$aDSS01$bbibmp10.200404.2.aa
=SRC  \\$aISN01$bbibmp22.200404.2.aa
=SRC  \\$aSRI01$bbibmp25.200404.2.aa
=TCO  \\$aCLA$bCLA$c008
=TOC  \\$aETOC

