=LDR  05015cas a2201165 a 4500
=001  009184974
=003  Uk
=005  20230209233209.0
=007  ta
=008  940607c19789999fr\br\p\\\\\\\0\\\a0eng\\
=019  c\$a2013144
=019  0\$as600706001
=022  0\$a0240-642X
=040  \\$aUk$cUk$dUk
=042  \\$aukblsr
=082  04$a616.07545$223
=084  \\$aGR 30$2blsrissc
=084  \\$aGY 555$2blsrissc
=222  \0$aActa endoscopica
=245  00$aActa endoscopica.
=260  \\$aNancy :$bEndoscopica,$c1978-
=264  31$aCachan, Paris :$bLavoisier
=300  \\$av. :$bill. ;$c30 cm.
=310  \\$aBimonthly
=336  \\$atext$2rdacontent
=337  \\$aunmediated$2rdamedia
=338  \\$avolume$2rdacarrier
=540  \\$aCurrent Copyright Fee: GBP29.95$c0$5Uk
=546  \\$aIn French and English.
=588  \\$aLatest issue consulted: volume 45, numéro 1/2 (Février 2015).
=595  \\$aSRIS SHARED STOCK. SEE ALSO CARD INDEX.
=650  \0$aEndoscopy$vPeriodicals.
=650  \0$aDigestive organs$xDiseases$vPeriodicals.
=650  \0$aCineradiography$vPeriodicals.
=776  0\$tActa endoscopica (Online)$x1958-5454
=780  00$tActa endoscopica et radiocinématographica
=852  71$aBritish Library$bSTI$k(P)$hGR 30$m-E(10)$2blsrissc$3Vol. 24 (1994)-v. 40, no. 6 (2010)
=852  41$aBritish Library$bDSC$j0614.620000$3Vol. 8, no. 1 (1978)-v. 40, no. 6 (2010); v. 45 (2015)-
=945  \\$aACTA ENDOSCOPICA.
=959  \\$fHeld but not currently received
=985  \\$aRecord merged by SUNCAT team
=985  \\$aCONFERENCE ANALYTIC &RECORDS EXIST
=A02  \\$a2013144
=ACF  \\$aPrevious copyright fee: GBP21.25$c23\1$e01-jan-2009$fGBP21.25$g0$hP$5Uk
=ACF  \\$aPrevious copyright fee: GBP16.75$c23\1$e01-jan-2007$fGBP16.75$g0$hP$5Uk
=ACF  \\$aPrevious copyright fee: GBP16.22$c23\1$e01-oct-2006$fGBP16.22$g0$hP$5Uk
=ACF  \\$aPrevious copyright fee: GBP17.14$c23\1$e01-apr-2006$fGBP17.14$g0$hP$5Uk
=ACF  \\$aPrevious copyright fee: GBP16.67$c23\1$e01-jan-2006$fGBP16.67$g0$hP$5Uk
=ACF  \\$aPrevious copyright fee: GBP16.22$c23\1$e01-apr-2005$fGBP16.22$g0$hP$5Uk
=ACF  \\$aPrevious Copyright Fee: GBP16.67$c23\1$e01-jan-2005$fGBP16.67$g0$hP$5Uk
=ACF  \\$aPrevious Copyright Fee: GBP5.00$c0$e01-oct-2004$fGBP5.00$g0$hC$5Uk
=ACF  \\$aPrevious copyright fee: GBP5.00$c0$e01-jul-2003$fGBP5.00$g0$hC$5Uk
=ACF  \\$aCurrent copyright fee: GBP2.50$c0$e01-jan-2003$fGBP2.50$g0$hC$5Uk
=ACF  \\$aCurrent copyright fee: GBP2.58$c0$e01-oct-2002$fGBP2.58$g0$hC$5Uk
=ACF  \\$aPrevious copyright fee: GBP22.00$c23\1$e01-apr-2009$fGBP22.00$g0$hP$5Uk
=ACF  \\$aPrevious copyright fee: GBP22.00$c23\1$e12-aug-2012$fGBP22.00$g0$hP$5Uk
=ACF  \\$aPrevious copyright fee: GBP25.00$c23\1$e01-jan-2013$fGBP25.00$g0$hP$5Uk
=ACF  \\$aPrevious copyright fee: GBP25.77$c23\1$e01-jul-2013$fGBP25.77$g0$hP$5Uk
=ACF  \\$aPrevious copyright fee: GBP24.21$c23\1$e01-jul-2014$fGBP24.21$g0$hP$5Uk
=ACF  \\$aPrevious copyright fee: GBP24.97$c23\1$e01-jan-2014$fGBP24.97$g0$hP$5Uk
=ACF  \\$aPrevious copyright fee: GBP12.30$c0$e26-mar-2015$fGBP12.30$g0$hA$5Uk
=ACF  \\$aPrevious Copyright Fee: GBP29.95$c0$e01-jul-2015$fGBP29.95$g0$hC$5Uk
=CAT  \\$aCONV$b00$c20040425$lBLL90$h0658
=CAT  \\$aIPL-CLA$c20121231$lBLL01$h1249
=CAT  \\$aIPL-CLA$c20130102$lBLL01$h1652
=CAT  \\$aWR13.005$c20130322$lBLL01$h1928
=CAT  \\$aBATCH-UPD$b00$c20130522$lBLL01$h1728
=CAT  \\$aIPL-CLA$c20130701$lBLL01$h0013
=CAT  \\$aBATCH-UPD$b00$c20131119$lBLL01$h2046
=CAT  \\$aIPL-CLA$c20131231$lBLL01$h1952
=CAT  \\$aBATCH-UPD$b00$c20140527$lBLL01$h2112
=CAT  \\$aBATCH-CLA$c20140528$lBLL01$h1727
=CAT  \\$aIPL-CLA$c20140630$lBLL01$h1701
=CAT  \\$aBLDSS-3PM$b00$c20150103$lBLL01$h1041
=CAT  \\$aBATCH-UPD$b00$c20150219$lBLL01$h1800
=CAT  \\$a5552$b40$c20150326$lBLL01$h1407
=CAT  \\$a6558$b40$c20150326$lBLL01$h1557
=CAT  \\$a6558$b40$c20150326$lBLL01$h1558
=CAT  \\$a6558$b40$c20150326$lBLL01$h1818
=CAT  \\$a10806$b40$c20150514$lBLL01$h0809
=CAT  \\$a10806$b40$c20150514$lBLL01$h0811
=CAT  \\$a6162$b40$c20150521$lBLL01$h1643
=CAT  \\$aBATCH-CLA$b00$c20150529$lBLL01$h1529
=CAT  \\$aIPL-CLA$c20150630$lBLL01$h1635
=CAT  \\$aBATCH-CLA$b00$c20221130$lBLL01$h1442
=CAT  \\$aIPL-CLA$c20221231$lBLL01$h1436
=CAT  \\$aBATCH-CLA$b00$c20230209$lBLL01$h1529
=CAT  \\$aIPL-CLA$c20230209$lBLL01$h2332
=CFI  0\$aCurrent Copyright Fee: GBP29.95$c0$e09-feb-2023$fGBP29.95$g0$hC$5Uk
=CFI  2\$aBritish Library not licensed to copy$c0$e01-jan-2023$hC$iCFP Excluded$5Uk
=EST  \\$a2
=FIN  \\$aY
=FMT  \\$a  SE
=LAS  \\$aIPL-CLA$b00$c20230209$lBLL01$h2332
=LEO  \\$aMP25.0000291756
=LEO  \\$aMP10.0000030023
=SRC  \\$aSRI01$bbibmp25.200404.2.aa
=SRC  \\$aDSS01$bbibmp10.200404.2.aa
=TCO  \\$aFRA$bCFC$c008
=TOC  \\$aETOC

