=LDR  04999cas a2201225 a 4500
=001  009185336
=003  Uk
=005  20230209233210.0
=006  aa\\\|||||||||||||
=007  ta
=008  040409d19892010enkbr\p\\\\\\\0\\\a0eng\\
=015  \\$aGBA245763$2bnb
=019  c\$a2442636
=019  y\$abA245763
=019  9\$abA245763
=019  0\$as67804600x
=022  0\$a0924-2708$202
=039  0\$a2700
=040  \\$aUk$cUk$dUk
=041  0\$aeng$adut
=042  \\$aissnuk
=082  04$a616.89$221
=084  \\$aFL 40$2blsrissc
=084  \\$aGV 00$2blsrissc
=210  0\$aActa neuropsychiatr.
=222  \0$aActa neuropsychiatrica
=245  00$aActa neuropsychiatrica.
=246  3\$aActa neuro psychiatrica
=246  3\$aActa neuro-psychiatrica
=260  \\$aMaarssen :$bInterdisciplinair Genootschap voor Biologische Psychiatrie
=260  3\$aOxford :$bBlackwell
=300  \\$av. :$bill. ;$c28 cm.
=310  \\$aBi-monthly
=321  \\$aQuarterly
=336  \\$atext$2rdacontent
=337  \\$aunmediated$2rdamedia
=338  \\$avolume$2rdacarrier
=362  1\$aBegan with vol. 1, no. 1 (Feb. 1989). Ceased in 2010?
=500  \\$aAt head of title: "Official journal of Interdisciplinary Society of Biological Psychiatry, in collaboration with the World Psychiatric Association Sections on Biological Psychiatry and Measurement Instruments in Psychiatry".
=500  \\$aAlso published in Dutch language.
=540  \\$aCurrent Copyright Fee: GBP30.00$c0$5Uk
=546  \\$aDutch or English, with summaries in both languages.
=588  \\$aDescription based on: Vol. 14, no. 1 (Feb. 2002).
=650  \0$aNeurobehavioral disorders$vPeriodicals.
=650  \0$aNeuropsychiatry$vPeriodicals.
=710  2\$aInterdisciplinary Society of Biological Psychiatry.
=710  2\$aWorld Psychiatric Association.$bSection on Biological Psychiatry.
=710  2\$aWorld Psychiatric Association.$bSection on Measurement Instruments in Psychiatry.
=776  08$iContinued online:$tActa neuropsychiatrica (Online)$x1601-5215
=852  41$aBritish Library$bDSC$j0639.970000$3Jrg. 2 (1990)-v. 21, no. 6 (2009)
=852  71$aBritish Library$bSTI$k(P)$hFL 40$m-E(24)$2blsrissc$3Vol. 14 (2002)-v. 22, no. 6 (2010)
=945  \\$aActa neuropsychiatrica.
=957  \\$a020422c
=959  \\$fHeld but not currently received
=985  \\$aResponsibility for ISSN taken by ISSN UK from ISSN Denmark, 09.06.07.
=A02  \\$a2442636
=ACF  \\$aCurrent copyright fee: GBP13.00$c10\0$e01-apr-2003$fGBP13.00$g0$hP$5Uk
=ACF  \\$aCurrent copyright fee: GBP13.00$c10\5$e01-apr-2002$fGBP13.00$g0$hP$5Uk
=ACF  \\$aPrevious copyright fee: GBP22.00$c10\0$e01-jan-2006$fGBP22.00$g0$hP$5Uk
=ACF  \\$aPrevious copyright fee: GBP15.00$c10\0$e01-apr-2004$fGBP15.00$g0$hP$5Uk
=ACF  \\$aPrevious copyright fee: GBP30.00$c43\0$e27-aug-2013$fGBP30.00$g0$hP$5Uk
=ACF  \\$aPrevious Copyright Fee: GBP17.50$c0$e01-apr-2019$fGBP17.50$g0$hA$5Uk
=ACF  \\$aPrevious Copyright Fee: GBP30.00$c0$e01-jul-2019$fGBP30.00$g0$hC$5Uk
=CAT  \\$aCONV$b00$c20040425$lBLL90$h0658
=CAT  \\$c20051230$lBLL01$h2232
=CAT  \\$aBATCH-UPD$b00$c20060901$lBLL01$h0939
=CAT  \\$aBATCH-UPD$b00$c20060901$lBLL01$h1021
=CAT  \\$a6537$b40$c20070609$lBLL01$h0814
=CAT  \\$a6537$b40$c20070609$lBLL01$h1037
=CAT  \\$aCDS-UPD$b40$c20091208$lBLL01$h2209
=CAT  \\$aCDS-UPD$b40$c20091208$lBLL01$h2233
=CAT  \\$aBATCH-CLA$b00$c20121104$lBLL01$h1015
=CAT  \\$aWR12_168$c20121206$lBLL01$h1810
=CAT  \\$a7778$b40$c20130703$lBLL01$h1449
=CAT  \\$a5552$b40$c20130827$lBLL01$h1542
=CAT  \\$a11316$b40$c20140103$lBLL01$h0842
=CAT  \\$aWR14_140$c20140905$lBLL01$h1732
=CAT  \\$aBLDSS-3PM$b00$c20141208$lBLL01$h1622
=CAT  \\$aBATCH-UPD$b00$c20160413$lBLL01$h1805
=CAT  \\$aBATCH-UPD$b00$c20160524$lBLL01$h2234
=CAT  \\$aBATCH-UPD$b00$c20160525$lBLL01$h0409
=CAT  \\$aW1902-1304$c20190314$lBLL01$h1238
=CAT  \\$aBATCH-UPD$b00$c20190314$lBLL01$h1617
=CAT  \\$aIPL-CLA$c20190331$lBLL01$h1722
=CAT  \\$aDEL-3PM$c20190409$lBLL01$h0904
=CAT  \\$aBATCH-CLA$b00$c20190531$lBLL01$h1623
=CAT  \\$aIPL-CLA$c20190630$lBLL01$h1526
=CAT  \\$aBATCH-CLA$b00$c20221130$lBLL01$h1448
=CAT  \\$aIPL-CLA$c20221231$lBLL01$h1436
=CAT  \\$aBATCH-CLA$b00$c20230209$lBLL01$h1535
=CAT  \\$aIPL-CLA$c20230209$lBLL01$h2332
=CFI  0\$aCurrent Copyright Fee: GBP30.00$c0$e09-feb-2023$fGBP30.00$g0$hC$5Uk
=CFI  2\$aBritish Library not licensed to copy$c0$e01-jan-2023$hC$iCFP Excluded$5Uk
=EST  \\$a2
=FIN  \\$aY
=FMT  \\$a  SE
=LAS  \\$aIPL-CLA$b00$c20230209$lBLL01$h2332
=LEO  \\$aMP10.0000030486
=LEO  \\$aMP5.0000012571
=LEO  \\$aMP25.0000357213
=SRC  \\$aDSS01$bbibmp10.200404.2.aa
=SRC  \\$aBNB03$bbibmp5.200404.2.aa
=SRC  \\$aSRI01$bbibmp25.200404.2.aa
=TCO  \\$aCLA$bCLA$c008
=TOC  \\$aETOC

