=LDR  05262cas a2201249 a 4500
=001  009205301
=003  Uk
=005  20230209233224.0
=007  ta
=008  820105c19499999gw\tr\p\\\a\\\0\\\b0ger\\
=019  c\$a2570444
=019  c\$a2079412
=019  0\$as201430002
=022  0\$a0018-442X$l0018-442X
=040  \\$aUk$cUk$dUk
=042  \\$aukblsr
=082  04$a599.9$223
=084  \\$aGH 00$2blsrissc
=222  \0$aHomo$b(Stuttgart)
=245  00$aHomo.
=260  \\$aGöttingen :$bMusterschmidt,$c1949-
=260  3\$aJena :$bElsevier
=300  \\$av. :$bill. ;$c27 cm.
=310  \\$a3 no. a year,$b<1999->
=321  \\$aIrregular,$b1949-1950
=321  \\$a4 no. a year,$b1951-
=336  \\$atext$2rdacontent
=337  \\$aunmediated$2rdamedia
=338  \\$avolume$2rdacarrier
=362  0\$a1.- Bd., 1949-
=500  \\$aContains abstracts.
=525  \\$aHas also occasional supplements.
=540  \\$aCurrent Copyright Fee: GBP34.00$c0$5Uk
=546  \\$aIn German, 1949- ; in English, 2001-.
=550  \\$aOrgan of: Deutsche Gesellschaft für Anthropologie, 1949-65; of the Australasian Society for Human Biology, 2002-.
=595  \\$aSEE ALSO 1937.2051 FOR OTHER CUL HOLDINGS.
=650  \0$aAnthropology$vPeriodicals.
=650  \0$aHuman biology$vPeriodicals.
=710  2\$aDeutsche Gesellschaft für Anthropologie.
=710  2\$aAustralasian Society for Human Biology.
=776  0\$tHomo (Online)$x0018-442X
=852  41$aBritish Library$bDSC$j4326.325000$3Vol. 7 (1956)-v. 36, no. 4 (1985)***UKRR Retained Title***Stock Incomplete
=852  71$aBritish Library$bSTI$k(P)$hGH 00$m-G(1)$2blsrissc$3Bd. 11 (1960)-bd. 48, nr. 3 (1997)***UKRR Retained Title
=945  \\$aHOMO -GOTTINGEN-.
=959  \\$fHeld but not currently received
=963  \\$aVOL. 1, 1949- *A=1$bN$cP460.B.76
=968  \\$aC
=985  \\$aRecord merged by DQ team
=A02  \\$a2079412
=ACF  \\$aPrevious copyright fee: GBP19.00$c5\1$e01-jan-2008$fGBP19.00$g0$hP$5Uk
=ACF  \\$aPrevious Copyright Fee: GBP18.00$c5\1$e19-jul-2005$fGBP18.00$g0$hP$5Uk
=ACF  \\$aPrevious Copyright Fee GBP:9.73$c0$e01-jul-2005$fGBP9.73$g0$hC$5Uk
=ACF  \\$aPrevious Copyright Fee: GBP9.73$c0$e01-apr-2005$fGBP9.73$g0$hC$5Uk
=ACF  \\$aPrevious Copyright Fee: GBP10.00$c0$e01-jan-2005$fGBP10.00$g0$hC$5Uk
=ACF  \\$aPrevious Copyright Fee: GBP9.73$c0$e01-oct-2004$fGBP9.73$g0$hC$5Uk
=ACF  \\$aPrevious copyright fee: GBP9.73$c0$e01-apr-2004$fGBP9.73$g0$hC$5Uk
=ACF  \\$aCurrent copyright fee: GBP10.59$c0$e01-jan-2004$fGBP10.59$g0$hC$5Uk
=ACF  \\$aCurrent copyright fee: GBP11.25$c0$e01-jan-2003$fGBP11.25$g0$hC$5Uk
=ACF  \\$aPrevious copyright fee: GBP20.00$c5\1$e01-jan-2009$fGBP20.00$g0$hP$5Uk
=ACF  \\$aPrevious copyright fee: GBP21.00$c5\1$e01-jan-2012$fGBP21.00$g0$hP$5Uk
=ACF  \\$aPrevious copyright fee: GBP22.50$c5\1$e01-jan-2013$fGBP22.50$g0$hP$5Uk
=ACF  \\$aPrevious copyright fee: GBP23.40$c5\1$e01-jan-2018$fGBP23.40$g0$hP$5Uk
=ACF  \\$aPrevious copyright fee: GBP32.84$c5\1$e01-jul-2019$fGBP32.84$g0$hP$5Uk
=ACF  \\$aPrevious Copyright Fee: GBP20.00$c0$e01-jan-2020$fGBP20.00$g0$hA$5Uk
=ACF  \\$aPrevious Copyright Fee: GBP23.40$c0$e01-apr-2020$fGBP23.40$g0$hC$5Uk
=ACF  \\$aPrevious Copyright Fee: GBP34.00$c0$e01-apr-2021$fGBP34.00$g0$hC$5Uk
=CAT  \\$aCONV$b00$c20040425$lBLL90$h0704
=CAT  \\$a8201$b40$c20110905$lBLL01$h1554
=CAT  \\$aBATCH-UPD$b40$c20111123$lBLL01$h1850
=CAT  \\$aIPL-CLA$c20111230$lBLL01$h1755
=CAT  \\$a8124$b40$c20120515$lBLL01$h1458
=CAT  \\$aBATCH-CLA$b00$c20121104$lBLL01$h1011
=CAT  \\$aBATCH-UPD$b00$c20121121$lBLL01$h1653
=CAT  \\$aIPL-CLA$c20121231$lBLL01$h1250
=CAT  \\$aIPL-CLA$c20130102$lBLL01$h1654
=CAT  \\$aWR13.005$c20130322$lBLL01$h1940
=CAT  \\$aBLDSS-3PM$b00$c20141222$lBLL01$h1710
=CAT  \\$aBATCH-UPD$b00$c20160413$lBLL01$h1805
=CAT  \\$aBATCH-UPD$b00$c20170302$lBLL01$h1737
=CAT  \\$aBATCH-UPD$b00$c20171121$lBLL01$h1739
=CAT  \\$aIPL-CLA$c20171231$lBLL01$h1431
=CAT  \\$aBATCH-UPD$b00$c20190521$lBLL01$h1431
=CAT  \\$aIPL-CLA$c20190630$lBLL01$h1527
=CAT  \\$a5552$b40$c20191129$lBLL01$h1127
=CAT  \\$aIPL-CLA$c20191231$lBLL01$h1753
=CAT  \\$aDEL-3PM$c20200108$lBLL01$h0853
=CAT  \\$aBATCH-CLA$b00$c20200228$lBLL01$h1637
=CAT  \\$aIPL-CLA$c20200331$lBLL01$h1606
=CAT  \\$aBATCH-CLA$b00$c20210227$lBLL01$h1011
=CAT  \\$aIPL-CLA$c20210331$lBLL01$h1656
=CAT  \\$aBATCH-CLA$b00$c20221130$lBLL01$h1439
=CAT  \\$aIPL-CLA$c20221231$lBLL01$h1436
=CAT  \\$aBATCH-CLA$b00$c20230209$lBLL01$h1526
=CAT  \\$aIPL-CLA$c20230209$lBLL01$h2332
=CFI  0\$aCurrent Copyright Fee: GBP34.00$c0$e09-feb-2023$fGBP34.00$g0$hC$5Uk
=CFI  2\$aBritish Library not licensed to copy$c0$e01-jan-2023$hC$iCFP Excluded$5Uk
=EST  \\$a2
=FIN  \\$aY
=FMT  \\$a  SE
=LAS  \\$aIPL-CLA$b00$c20230209$lBLL01$h2332
=LEO  \\$aMP10.0000268658
=LEO  \\$aMP25.0000074078
=LEO  \\$aMP10.0000268656
=SRC  \\$aSRI01$bbibmp25.200404.2.aa
=SRC  \\$aDSS01$bbibmp10.200404.2.aa
=TCO  \\$aDEU$bVG WORT$c008
=TOC  \\$aETOC

