=LDR  04719cas a2201081 a 4500
=001  009569584
=003  Uk
=005  20230209233256.0
=008  940228d19942005nyubr\p\\\\\\\0\\\a0eng\\
=019  c\$a2501624
=019  0\$as613202007
=022  \\$a1074-9098
=040  \\$aUk$cUk$dUk
=082  04$a660.2804$221
=084  \\$aHG 85(C)$2blsrissc
=210  0\$aChem. heal. saf.
=222  \0$aChemical health & safety
=245  00$aChemical health & safety.
=246  3\$aChemical health and safety
=260  \\$aWashington, D.C. :$bAmerican Chemical Society,$c1995-2005.
=300  \\$a12 v. :$bill., ports. ;$c28 cm.
=310  \\$aBimonthly
=336  \\$atext$2rdacontent
=337  \\$aunmediated$2rdamedia
=338  \\$avolume$2rdacarrier
=362  0\$aVol. 1, no. 1 (June/July 1994)-v. 12, no. 6 (Nov./Dec. 2005).
=530  \\$aAlso available on the Internet.
=540  \\$aCurrent Copyright Fee: GBP34.00$c0$5Uk
=550  \\$aOfficial Publication of the American Chemical Society Division of Chemical Health and Safety.
=595  \\$aSee also card index.
=650  \0$aChemical industry$xHealth aspects$vPeriodicals.
=650  \0$aChemical industry$xSafety measures$vPeriodicals.
=710  2\$aAmerican Chemical Society.$bDivision of Chemical Health and Safety.
=785  00$tJournal of chemical health & safety$x1871-5532
=852  41$aBritish Library$bDSC$j3146.588500$3Vol. 1, no. 1 (1994)-v. 12, no. 6 (2005)***UKRR Retained Title
=852  71$aBritish Library$bSTI$k(P)$hHG 85$m(C) -E(15)$2blsrissc$3Vol. 2 (1995)-v. 9 (2002)
=945  \\$aChemical health and safety
=957  \\$aP
=959  \\$fHeld but not currently received
=963  \\$aVOL. 6(4), 1999- *A=1$bN$cU
=ACF  \\$aPrevious copyright fee: GBP19.00$c5\4$e01-jan-2008$fGBP19.00$g0$hP$5Uk
=ACF  \\$aPrevious copyright fee: GBP18.00$c5\4$e01-apr-2004$fGBP18.00$g0$hP$5Uk
=ACF  \\$aCurrent copyright fee: GBP20.00$c5\4$e01-jan-2003$fGBP20.00$g0$hP$5Uk
=ACF  \\$aCurrent copyright fee: GBP15.00$c5\4$e01-jul-2002$fGBP15.00$g0$hP$5Uk
=ACF  \\$aPrevious copyright fee: GBP20.00$c5\1$e01-jan-2009$fGBP20.00$g0$hP$5Uk
=ACF  \\$aPrevious copyright fee: GBP21.00$c5\1$e01-jan-2012$fGBP21.00$g0$hP$5Uk
=ACF  \\$aPrevious copyright fee: GBP22.50$c5\1$e01-jan-2013$fGBP22.50$g0$hP$5Uk
=ACF  \\$aPrevious copyright fee: GBP23.40$c5\1$e01-jan-2018$fGBP23.40$g0$hP$5Uk
=ACF  \\$aPrevious copyright fee: GBP32.84$c5\1$e01-jul-2019$fGBP32.84$g0$hP$5Uk
=ACF  \\$aPrevious Copyright Fee: GBP20.00$c0$e01-jan-2020$fGBP20.00$g0$hA$5Uk
=ACF  \\$aPrevious Copyright Fee: GBP23.40$c0$e01-apr-2020$fGBP23.40$g0$hC$5Uk
=ACF  \\$aPrevious Copyright Fee: GBP34.00$c0$e01-apr-2021$fGBP34.00$g0$hC$5Uk
=CAT  \\$aCONV$b00$c20040425$lBLL90$h0858
=CAT  \\$aWR11_155$c20111021$lBLL01$h1323
=CAT  \\$aWR11_155$c20111114$lBLL01$h1645
=CAT  \\$aBATCH-UPD$b00$c20111123$lBLL01$h1850
=CAT  \\$aIPL-CLA$c20111230$lBLL01$h1807
=CAT  \\$a8323$b40$c20120905$lBLL01$h1336
=CAT  \\$aBATCH-CLA$b00$c20121104$lBLL01$h1003
=CAT  \\$aBATCH-UPD$b00$c20121121$lBLL01$h1653
=CAT  \\$aIPL-CLA$c20121231$lBLL01$h1252
=CAT  \\$aIPL-CLA$c20130102$lBLL01$h1657
=CAT  \\$aBLDSS-3PM$b00$c20141222$lBLL01$h1710
=CAT  \\$aBATCH-UPD$b00$c20160413$lBLL01$h1806
=CAT  \\$aBATCH-UPD$b00$c20170304$lBLL01$h1047
=CAT  \\$aBATCH-UPD$b00$c20171121$lBLL01$h1739
=CAT  \\$aIPL-CLA$c20171231$lBLL01$h1442
=CAT  \\$aBATCH-UPD$b00$c20190521$lBLL01$h1431
=CAT  \\$aIPL-CLA$c20190630$lBLL01$h1527
=CAT  \\$a5552$b40$c20191129$lBLL01$h1143
=CAT  \\$aIPL-CLA$c20191231$lBLL01$h1802
=CAT  \\$aDEL-3PM$c20200108$lBLL01$h0853
=CAT  \\$aBATCH-CLA$b00$c20200228$lBLL01$h1635
=CAT  \\$aIPL-CLA$c20200331$lBLL01$h1606
=CAT  \\$aBATCH-CLA$b00$c20210227$lBLL01$h1013
=CAT  \\$aIPL-CLA$c20210331$lBLL01$h1656
=CAT  \\$aBATCH-CLA$b00$c20221130$lBLL01$h1449
=CAT  \\$aIPL-CLA$c20221231$lBLL01$h1437
=CAT  \\$aBATCH-CLA$b00$c20230209$lBLL01$h1535
=CAT  \\$aIPL-CLA$c20230209$lBLL01$h2332
=CFI  0\$aCurrent Copyright Fee: GBP34.00$c0$e09-feb-2023$fGBP34.00$g0$hC$5Uk
=CFI  2\$aBritish Library not licensed to copy$c0$e01-jan-2023$hC$iCFP Excluded$5Uk
=EST  \\$a2
=FIN  \\$aY
=FMT  \\$a  SE
=LAS  \\$aIPL-CLA$b00$c20230209$lBLL01$h2332
=LEO  \\$aMP10.0000141388
=LEO  \\$aMP25.0000304390
=LKR  \\$aPAR$b012432384$lBLL01$nChemical health & safety (Online)$mChemical health & safety (Print)$r776
=SRC  \\$aDSS01$bbibmp10.200404.2.aa
=SRC  \\$aSRI01$bbibmp25.200404.2.aa
=TCO  \\$aTRS$bCCC$c008
=TOC  \\$aETOC

