=LDR  05209cas a2201201 a 4500
=001  007185173
=003  Uk
=005  20230209233032.0
=007  ta
=008  040409c19509999enkqr\p\\\\\\\0\\\a0eng\\
=019  c\$a2121106
=019  0\$as224322001
=019  x\$a0994930194
=022  0\$a0030-6053$202
=040  \\$aUk$cUk$dUk
=042  \\$aissnuk$aukblsr
=082  04$a639.905$223
=084  \\$aCC 36$2blsrissc
=210  0\$aOryx$b(Print)
=222  \0$aOryx$b(Print)
=245  00$aOryx :$bthe International journal of conservation.
=260  \\$aOxford :$bBlackwell Scientific
=260  3\$32002-$aCambridge$bCambridge University Press
=300  \\$av. :$bill.$c23-26cm.
=310  \\$aQuarterly
=336  \\$atext$2rdacontent
=337  \\$aunmediated$2rdamedia
=338  \\$avolume$2rdacarrier
=362  0\$aVol. 1, no. 1 (Oct. 1950)-
=500  \\$aJournal of the Fauna Preservation Society (from Aug. 1980, the Fauna and Flora Preservation Society)
=540  \\$aCurrent Copyright Fee: GBP15.00$c0$5Uk
=580  \\$aFrom vol.28, 1994, issues supplement "Fauna and Flora Preservation Society. Annual report", q.v.
=588  \\$aLatest issue consulted: volume 47, number 3 (July 2013).
=595  \\$aFORMERLY 4895.9 CHANGE BETWEEN NS: NO. 61, 1950 AND VOL. 1, 1950 ABSORBS 1501.925N SEE ALSO 1501.925N FOR OTHER EXTERNAL HOLDINGS.
=710  2\$aFauna & Flora International.
=710  2\$aFauna Preservation Society.
=710  2\$aFauna and Flora Preservation Society.
=772  0\$aFauna and Flora Preservation Society$tAnnual report and accounts
=776  08$iOnline version:$tOryx (Online)$x1365-3008
=780  00$tJournal of the Society for Preservation of the Fauna of the Empire
=852  71$aBritish Library$bSTI$k(P)$hCC 36$m-E(3)$2blsrissc$3Vol. 1 (1950)- ; Set incomplete***Title now taken as electronic copy
=852  41$aBritish Library$bDSC$j6296.700000$3Vol. 1, no. 1 (1950)-v. 45, no. 4 (2011)***Stock incomplete***UKRR Retained Title
=945  \\$aOryx -London-.
=959  \\$fHeld but not currently received
=963  \\$aVOL. 1, 1950- *A=1$bY$cRCS.PER.1895
=964  \\$aVOL. 1, 1950- [19 ?] *A=1$c592/599$dO$eTL8427
=985  \\$aRecord merged by DQ team
=A02  \\$a2121106
=ACF  \\$aPrevious Copyright Fee: GBP14.00$c0$e01-jan-2009$fGBP14.00$g0$hC$5Uk
=ACF  \\$aBritish Library not licensed to copy$c0$e01-oct-2008$hC$iCLA Excluded$5Uk
=ACF  \\$aPrevious Copyright Fee: GBP14.00$c0$e01-apr-2007$fGBP14.00$g0$hC$5Uk
=ACF  \\$aPrevious copyright fee: GBP5.00$c0$e19-jan-2007$fGBP5.00$g0$hA$5Uk
=ACF  \\$aCurrent copyright fee: GBP22.00$c10\0$e01-jan-2006$fGBP22.00$g0$hP$5Uk
=ACF  \\$aPrevious copyright fee: GBP15.00$c10\0$e01-apr-2004$fGBP15.00$g0$hP$5Uk
=ACF  \\$aCurrent copyright fee: GBP13.00$c10\4$e01-jan-2002$fGBP13.00$g0$hP$5Uk
=ACF  \\$aPrevious Copyright Fee: GBP14.00$c0$e01-apr-2009$fGBP14.00$g0$hC$5Uk
=ACF  \\$aPrevious copyright fee: GBP30.00$c43\0$e01-jul-2009$fGBP30.00$g0$hP$5Uk
=ACF  \\$aPrevious Copyright Fee: GBP17.50$c0$e01-apr-2019$fGBP17.50$g0$hA$5Uk
=ACF  \\$aPrevious Copyright Fee: GBP15.00$c0$e01-jul-2019$fGBP15.00$g0$hC$5Uk
=CAT  \\$aCONV$b00$c20040425$lBLL90$h0708
=CAT  \\$aBATCH$b00$c20090401$lBLL01$h0109
=CAT  \\$a5552$b40$c20090508$lBLL01$h1636
=CAT  \\$aBATCH-UPD$b40$c20090701$lBLL01$h1938
=CAT  \\$aBATCH-UPD$b40$c20090701$lBLL01$h2023
=CAT  \\$aBATCH$b00$c20090701$lBLL01$h2045
=CAT  \\$a8874$b40$c20110722$lBLL01$h1042
=CAT  \\$a8874$b40$c20110722$lBLL01$h1043
=CAT  \\$a8874$b40$c20110722$lBLL01$h1045
=CAT  \\$aCDS12-UPD$b40$c20111002$lBLL01$h2316
=CAT  \\$aBATCH-CLA$b00$c20121103$lBLL01$h1028
=CAT  \\$aBATCH-UPD$b00$c20121105$lBLL01$h1135
=CAT  \\$a5997$b40$c20121129$lBLL01$h1350
=CAT  \\$aWR12_168$c20121206$lBLL01$h1834
=CAT  \\$aWR13.005$c20130323$lBLL01$h1307
=CAT  \\$a10806$b40$c20130823$lBLL01$h1414
=CAT  \\$aBLDSS-3PM$b00$c20141208$lBLL01$h1622
=CAT  \\$aBATCH-UPD$b00$c20160908$lBLL01$h2027
=CAT  \\$aW1902-1304$c20190314$lBLL01$h1237
=CAT  \\$aBATCH-UPD$b00$c20190314$lBLL01$h1616
=CAT  \\$aIPL-CLA$c20190331$lBLL01$h1720
=CAT  \\$aDEL-3PM$c20190409$lBLL01$h0903
=CAT  \\$aBATCH-CLA$b00$c20190531$lBLL01$h1624
=CAT  \\$aIPL-CLA$c20190630$lBLL01$h1524
=CAT  \\$aBATCH-CLA$b00$c20221130$lBLL01$h1427
=CAT  \\$aIPL-CLA$c20221231$lBLL01$h1432
=CAT  \\$aBATCH-CLA$b00$c20230209$lBLL01$h1514
=CAT  \\$aIPL-CLA$c20230209$lBLL01$h2330
=CFI  0\$aCurrent Copyright Fee: GBP15.00$c0$e09-feb-2023$fGBP15.00$g0$hC$5Uk
=CFI  2\$aBritish Library not licensed to copy$c0$e01-jan-2023$hC$iCFP Excluded$5Uk
=EST  \\$a2
=FIN  \\$aY
=FMT  \\$a  SE
=LAS  \\$aIPL-CLA$b00$c20230209$lBLL01$h2330
=LEO  \\$aMP25.0000086712
=LEO  \\$aMP22.0000001589
=LEO  \\$aMP10.0000425121
=LEO  \\$aMP1.0001188568.2
=SRC  \\$aBLS01$bbibmp1.200404.2.ab
=SRC  \\$aSRI01$bbibmp25.200404.2.aa
=SRC  \\$aISN01$bbibmp22.200404.2.aa
=SRC  \\$aDSS01$bbibmp10.200404.2.aa
=TCO  \\$aCLA$bCLA$c008
=TOC  \\$aETOC

