=LDR  04539 as a2201021 a 4500
=001  007535755
=003  Uk
=005  20140103103735.0
=007  ta
=008  871013d19872008ne\qu\p\\\\\\\0\\\a0eng\\
=019  c\$a2331362
=019  0\$as547716001
=022  0\$a0920-3036
=040  \\$aUk$cUk$dUk
=082  04$a512.55$221
=084  \\$aPA 54$2blsrissc
=245  00$aK-theory.
=260  \\$aDordrecht ;$aLancaster :$bReidel,$c1987-2008.
=300  \\$av. :$bill. ;$c24 cm.
=310  \\$aMonthly,$b<Oct. 2002->
=321  \\$aSix no. a year,$b1987-
=336  \\$atext$2rdacontent
=337  \\$aunmediated$2rdamedia
=338  \\$avolume$2rdacarrier
=362  1\$aCeased with v. 38, no. 2.
=500  \\$aPublished: Dordrecht, The Netherlands ; Norwell, MA : Kluwer Academic, <Vol. 3, no. 3- >
=540  \\$aBritish Library not licensed to copy$c0$5Uk
=650  \0$aK-theory$vPeriodicals.
=852  71$aBritish Library$bSTI$k(P)$hPA 54$m-E(1)$2blsrissc$3Vol.1 (1987)-v. 21 (2000).***UKRR Retained Title
=852  41$aBritish Library$bDSC$j5079.080000$3Vol. 1, no. 1 (1987)-v. 38, no. 2 (2008)***UKRR Retained Title***Stock Incomplete
=945  \\$aK THEORY.
=959  \\$fHeld but not currently received
=963  \\$aCA/U-2 VOL. 5, 1991- *A=1$bN
=A02  \\$a2331362
=ACF  \\$aPrevious copyright fee: GBP21.25$c13\1$e01-jan-2009$fGBP21.25$g0$hP$5Uk
=ACF  \\$aPrevious copyright fee: GBP16.75$c13\1$e01-jan-2007$fGBP16.75$g0$hP$5Uk
=ACF  \\$aPrevious copyright fee: GBP16.22$c13\1$e01-oct-2006$fGBP16.22$g0$hP$5Uk
=ACF  \\$aPrevious copyright fee: GBP17.14$c13\1$e01-apr-2006$fGBP17.14$g0$hP$5Uk
=ACF  \\$aPrevious copyright fee: GBP16.67$c13\1$e01-jan-2006$fGBP16.67$g0$hP$5Uk
=ACF  \\$aPrevious copyright fee: GBP16.22$c13\1$e01-apr-2005$fGBP16.22$g0$hP$5Uk
=ACF  \\$aPrevious copyright fee: GBP16.67$c13\1$e01-jan-2005$fGBP16.67$g0$hP$5Uk
=ACF  \\$aPrevious copyright fee: GBP13.51$c13\1$e01-apr-2004$fGBP13.51$g0$hP$5Uk
=ACF  \\$aCurrent copyright fee: GBP14.71$c13\1$e01-jan-2004$fGBP14.71$g0$hP$5Uk
=ACF  \\$aCurrent copyright fee: GBP15.63$c13\1$e01-jan-2003$fGBP15.63$g0$hP$5Uk
=ACF  \\$aPrevious copyright fee: GBP22.00$c13\1$e01-apr-2009$fGBP22.00$g0$hP$5Uk
=ACF  \\$aPrevious copyright fee: GBP22.00$c13\1$e12-aug-2012$fGBP22.00$g0$hP$5Uk
=ACF  \\$aPrevious copyright fee: GBP25.77$c13\1$e01-jul-2013$fGBP25.77$g0$hP$5Uk
=ACF  \\$aPrevious copyright fee: GBP25.00$c13\1$e01-jan-2013$fGBP25.00$g0$hP$5Uk
=ACF  \\$aPrevious Copyright Fee: GBP29.95$c0$e01-jan-2014$fGBP29.95$g0$hC$5Uk
=ACF  \\$aBritish Library not licensed to copy$c0$e04-sep-2013$hC$iCFP Excluded$5Uk
=ACF  \\$aBritish Library not licensed to copy$c0$e03-jan-2014$hC$iCFP Excluded$5Uk
=CAT  \\$aCONV$b00$c20040425$lBLL90$h0856
=CAT  \\$aBATCH-UPD$b40$c20090331$lBLL01$h2207
=CAT  \\$aBATCH-UPD$b40$c20090331$lBLL01$h2345
=CAT  \\$aBATCH$b00$c20090401$lBLL01$h0113
=CAT  \\$aBATCH$b00$c20091207$lBLL01$h0459
=CAT  \\$aBATCH$b00$c20091214$lBLL01$h0303
=CAT  \\$aBATCH$b00$c20091216$lBLL01$h0050
=CAT  \\$a8456$b40$c20091222$lBLL01$h1517
=CAT  \\$a8874$b40$c20110214$lBLL01$h0827
=CAT  \\$aBATCH-UPD$b40$c20120812$lBLL01$h1907
=CAT  \\$aIPL-CLA$c20120812$lBLL01$h2025
=CAT  \\$aBATCH-CLA$b00$c20121103$lBLL01$h1024
=CAT  \\$aBATCH-UPD$b00$c20121121$lBLL01$h1557
=CAT  \\$aIPL-CLA$c20121231$lBLL01$h1243
=CAT  \\$aIPL-CLA$c20130102$lBLL01$h1645
=CAT  \\$aWR13.005$c20130323$lBLL01$h1442
=CAT  \\$aBATCH-UPD$b00$c20130522$lBLL01$h1702
=CAT  \\$aIPL-CLA$c20130630$lBLL01$h2358
=CAT  \\$a5552$b40$c20130904$lBLL01$h1054
=CAT  \\$aBATCH-CLA$b00$c20131129$lBLL01$h1641
=CAT  \\$aIPL-CLA$c20131231$lBLL01$h1849
=CAT  \\$a5552$b40$c20140103$lBLL01$h1037
=CAT  \\$aBATCH-CLA$b00$c20140228$lBLL01$h1615
=CAT  \\$aIPL-CLA$c20140331$lBLL01$h1616
=CAT  \\$aBATCH-CLA$b00$c20140530$lBLL01$h1711
=CAT  \\$aIPL-CLA$c20140630$lBLL01$h1656
=CFI  0\$aBritish Library not licensed to copy$c0$e01-jul-2014$hC$iCFP Excluded$5Uk
=CFI  2\$aBritish Library not licensed to copy$c0$e01-apr-2014$hC$iCFP Excluded$5Uk
=EST  \\$a2
=FIN  \\$aY
=FMT  \\$a  SE
=LAS  \\$aIPL-CLA$b00$c20140630$lBLL01$h1656
=LEO  \\$aMP10.0000327979
=LEO  \\$aMP25.0000238911
=SRC  \\$aDSS01$bbibmp10.200404.2.aa
=SRC  \\$aSRI01$bbibmp25.200404.2.aa
=TCO  \\$aNLD$bSTICHTING REPRORECHT$c008

