=LDR  05198cas a2201117 a 4500
=001  007539752
=003  Uk
=005  20221231143316.0
=007  ta
=008  880726c19889999enkmr\p\\\\\\\0\\\a0eng\\
=019  c\$a2337756
=019  0\$as553526006
=022  \\$a0934-0874
=040  \\$aUk$beng$cUk$dUk
=042  \\$aukblsr
=082  04$a617.95$221
=084  \\$aGY 97$2blsrissc
=222  \0$aTransplant international
=245  00$aTransplant international.
=260  \\$aBerlin :$bSpringer,$c1988-
=260  2\$3Nov. 2004-Jan. 2007$a[Oxford] :$bBlackwell
=260  3\$3Feb. 2007-$a[Chichester] :$bWiley
=300  \\$av. :$bill. ;$c28 cm.
=310  \\$aMonthly,$b2002-
=321  \\$aBimonthly,$b1993-2001
=321  \\$aQuarterly,$b1988-1992
=336  \\$atext$2rdacontent
=337  \\$aunmediated$2rdamedia
=338  \\$avolume$2rdacarrier
=362  0\$aVol. 1, no. 1 (Apr. 1988)-
=540  \\$aCurrent Copyright Fee: GBP25.00$c0$5Uk
=550  \\$aJournal of the European Society for Organ Transplantation. Vol. 19, no. 7 (July 2006) issue has the subtitle "Official journal of the European Society for Organ Transplantation and the European Liver and Intestine Transplant Association".
=550  \\$aIssued by: European Society for Organ Transplantation and the European Liver and Intestine Transplant Association, <July 2006>, and the German Transplantation Society, <2010->.
=650  \0$aTransplantation of organs, tissues, etc.$vPeriodicals.
=710  2\$aEuropean Society for Organ Transplantation.
=710  2\$aEuropean Liver and Intestine Transplant Association.
=710  2\$aDeutsche Transplantationsgesellschaft.
=776  08$iAlso issued online as:$aTransplant international (Online)$x1432-2277
=852  41$aBritish Library$bDSC$j9024.989000$3Vol. 1, no. 1 (1988)-v. 22, no. 12 (2009)***UKRR Retained Title
=852  71$aBritish Library$bSTI$k(P)$hGY 97$m-E(7)$2blsrissc$3Vol. 1 (1988)-v. 26, no. 5 (2013)***Items prior to 2006 available for remote supply. Items 2006 onwards available for reading room only***title now taken as electronic copy only
=945  \\$aTRANSPLANT INTERNATIONAL
=959  \\$fHeld but not currently received
=985  \\$aISSN responsibility taken by ISSN UK from ISSN Germany, June 4 2014.
=985  \\$aISSN responsibility transferred to U.S. ISSN Center from ISSN UK Centre, Wiley, Multinational Publisher List, Summer 2017.
=A02  \\$a2337756
=ACF  \\$aPrevious copyright fee: GBP18.92$c22\3$e01-apr-2004$fGBP18.92$g0$hP$5Uk
=ACF  \\$aCurrent copyright fee: GBP20.58$c22\3$e01-jan-2004$fGBP20.58$g0$hP$5Uk
=ACF  \\$aCurrent copyright fee: GBP20.00$c22\3$e01-jan-2003$fGBP20.00$g0$hP$5Uk
=ACF  \\$aPrevious copyright fee: GBP15.00$c10\0$e01-jan-2005$fGBP15.00$g0$hP$5Uk
=ACF  \\$aPrevious copyright fee: GBP22.00$c10\0$e01-jan-2006$fGBP22.00$g0$hP$5Uk
=ACF  \\$aPrevious copyright fee: GBP24.00$c10\0$e01-mar-2015$fGBP24.00$g0$hP$5Uk
=ACF  \\$aPrevious copyright fee: GBP24.00$c35\0$e07-mar-2017$fGBP24.00$g0$hP$5Uk
=ACF  \\$aPrevious copyright fee: GBP28.00$c35\0$e01-jan-2019$fGBP28.00$g0$hP$5Uk
=ACF  \\$aPrevious Copyright Fee: GBP39.00$c35\0$e01-jan-2020$fGBP39.00$g0$hP$5Uk
=CAT  \\$aCONV$b00$c20040425$lBLL90$h0856
=CAT  \\$aBATCH-CLA$b00$c20121103$lBLL01$h1024
=CAT  \\$aWR13.005$c20130323$lBLL01$h1444
=CAT  \\$aBATCH-CLA$b00$c20130526$lBLL01$h1618
=CAT  \\$a11313$b40$c20140604$lBLL01$h0749
=CAT  \\$a11313$b40$c20140604$lBLL01$h0751
=CAT  \\$aBLDSS-3PM$b00$c20141214$lBLL01$h1518
=CAT  \\$aBATCH-UPD$b00$c20150215$lBLL01$h1618
=CAT  \\$aIPL-CLA$c20150228$lBLL01$h2041
=CAT  \\$aBATCH-UPD$b00$c20160413$lBLL01$h1802
=CAT  \\$aBATCH-UPD$b00$c20170115$lBLL01$h2103
=CAT  \\$aW1703-0316$c20170306$lBLL01$h1821
=CAT  \\$aW1703-0316$c20170307$lBLL01$h1645
=CAT  \\$aIPL-CLA$c20170307$lBLL01$h1823
=CAT  \\$a11205$b40$c20170922$lBLL01$h1042
=CAT  \\$aBATCH-UPD$b40$c20180219$lBLL01$h1739
=CAT  \\$aBATCH-UPD$b40$c20181121$lBLL01$h1618
=CAT  \\$aIPL-CLA$c20181231$lBLL01$h1532
=CAT  \\$aR1911-0245$c20191127$lBLL01$h0944
=CAT  \\$aR1911-0245$c20191127$lBLL01$h1044
=CAT  \\$aIPL-CLA$c20191231$lBLL01$h1718
=CAT  \\$a12654$b40$c20211026$lBLL01$h0936
=CAT  \\$aIPL-CLA$c20211231$lBLL01$h1535
=CAT  \\$aDEL-3PM$c20220105$lBLL01$h1525
=CAT  \\$aBATCH-CLA$b00$c20221221$lBLL01$h1720
=CAT  \\$aIPL-CLA$c20221231$lBLL01$h1433
=CFI  0\$aCurrent Copyright Fee: GBP25.00$c0$e01-jan-2023$fGBP25.00$g0$hA$5Uk
=CFI  2\$aPrevious Copyright Fee: GBP22.50$c0$e01-jan-2022$fGBP22.50$g0$hA$5Uk
=EST  \\$a2
=FIN  \\$aY
=FMT  \\$a  SE
=LAS  \\$aIPL-CLA$b00$c20221231$lBLL01$h1433
=LEO  \\$aMP10.0000584471
=LEO  \\$aMP25.0000244467
=LET  \0$aTransplant international (Print)
=LKR  \\$aPAR$b013095847$lBLL01$r776$mTransplant international (Print)$nTransplant international (Online)
=SRC  \\$aDSS01$bbibmp10.200404.2.aa
=SRC  \\$aSRI01$bbibmp25.200404.2.aa
=TCO  \\$aDEU$bVG WORT$c008
=TCO  \\$aCLA$bCLA$c008
=TOC  \\$aETOC
=UNO  \\$aY

