=LDR  06754cas a2201429 a 4500
=001  007692916
=003  Uk
=005  20230209233056.0
=006  aa\\\|||||||||||||
=007  ta
=008  040123c20039999enkbr\p\\\\\\\0\\\a0eng\\
=015  \\$aGBA410234$2bnb
=019  c\$a3021844
=019  y\$abA410234
=019  9\$abA410234
=019  0\$as693607009
=022  0\$a1570-8667
=039  0\$a2777
=040  \\$aUk$cUk$dUk
=042  \\$aukblsr
=082  04$a004.0151$222
=130  0\$aJournal of discrete algorithms (Amsterdam, Netherlands)
=222  \0$aJournal of discrete algorithms$b(Print)
=245  10$aJournal of discrete algorithms.
=260  \\$aAmsterdam ;$aLondon :$bElsevier,$c2003-
=300  \\$av. :$bill. ;$c27 cm.
=310  \\$aBi-monthly
=336  \\$atext$2rdacontent
=337  \\$aunmediated$2rdamedia
=338  \\$avolume$2rdacarrier
=362  0\$aVol. 1, no. 1 (Feb. 2003)-
=500  \\$aDescription based on: Vol. 1, no. 2 (Apr. 2003).
=540  \\$aCurrent Copyright Fee: GBP34.00$c0$5Uk
=595  \\$aDO NOT CONFUSE WITH 4969.735000N.
=650  \0$aComputer algorithms$vPeriodicals.
=776  08$iAlso issued online as:$tJournal of discrete algorithms (Amsterdam, Netherlands : Online)$x1570-8675
=852  41$aBritish Library$bDSC$j4969.720000$3Vol. 1 (2003)-v. 8:issue 3 (2010)
=852  71$aBritish Library$bSTI$k(P)$hPA 192$m-E(2)$3Vol. 1, no. 1-v. 6, no. 2 (June 2008)
=945  \\$aJournal of discrete algorithms -Elsevier-.
=957  \\$a031125c
=959  \\$fHeld but not currently received
=985  \\$aRecord merged by DQ team
=ACF  \\$aPrevious Copyright Fee: GBP21.00$c0$e01-apr-2012$fGBP21.00$g0$hC$5Uk
=ACF  \\$aPrevious Copyright Fee: GBP21.00$c0$e01-jan-2012$fGBP21.00$g0$hC$5Uk
=ACF  \\$aPrevious Copyright Fee: GBP20.00$c0$e01-oct-2011$fGBP20.00$g0$hC$5Uk
=ACF  \\$aPrevious Copyright Fee: GBP20.00$c0$e01-jul-2011$fGBP20.00$g0$hC$5Uk
=ACF  \\$aPrevious Copyright Fee: GBP20.00$c0$e01-apr-2011$fGBP20.00$g0$hC$5Uk
=ACF  \\$aPrevious Copyright Fee: GBP20.00$c0$e01-jan-2011$fGBP20.00$g0$hC$5Uk
=ACF  \\$aPrevious Copyright Fee: GBP20.00$c0$e01-oct-2010$fGBP20.00$g0$hC$5Uk
=ACF  \\$aPrevious Copyright Fee: GBP20.00$c0$e01-jul-2010$fGBP20.00$g0$hC$5Uk
=ACF  \\$aPrevious Copyright Fee: GBP20.00$c0$e01-apr-2010$fGBP20.00$g0$hC$5Uk
=ACF  \\$aPrevious Copyright Fee: GBP20.00$c0$e01-Jan-2010$fGBP20.00$g0$hC$5Uk
=ACF  \\$aPrevious Copyright Fee: GBP20.00$c0$e01-oct-2009$fGBP20.00$g0$hC$5Uk
=ACF  \\$aPrevious Copyright Fee: GBP20.00$c0$e01-jul-2009$fGBP20.00$g0$hC$5Uk
=ACF  \\$aPrevious Copyright Fee: GBP20.00$c0$e01-apr-2009$fGBP20.00$g0$hC$5Uk
=ACF  \\$aPrevious Copyright Fee: GBP20.00$c0$e01-jan-2009$fGBP20.00$g0$hC$5Uk
=ACF  \\$aPrevious Copyright Fee: GBP19.00$c0$e01-oct-2008$fGBP19.00$g0$hC$5Uk
=ACF  \\$aPrevious Copyright Fee: GBP19.00$c0$e01-jul-2008$fGBP19.00$g0$hC$5Uk
=ACF  \\$aPrevious Copyright Fee: GBP19.00$c0$e01-apr-2008$fGBP19.00$g0$hC$5Uk
=ACF  \\$aPrevious Copyright Fee: GBP19.00$c0$e01-jan-2008$fGBP19.00$g0$hC$5Uk
=ACF  \\$aPrevious Copyright Fee: GBP18.00$c0$e01-oct-2007$fGBP18.00$g0$hC$5Uk
=ACF  \\$aPrevious Copyright Fee: GBP18.00$c0$e01-jul-2007$fGBP18.00$g0$hC$5Uk
=ACF  \\$aPrevious Copyright Fee: GBP18.00$c0$e01-apr-2007$fGBP18.00$g0$hC$5Uk
=ACF  \\$aPrevious Copyright Fee: GBP18.00$c0$e01-jan-2007$fGBP18.00$g0$hC$5Uk
=ACF  \\$aPrevious Copyright Fee: GBP18.00$c0$e01-oct-2006$fGBP18.00$g0$hC$5Uk
=ACF  \\$aPrevious Copyright Fee: GBP18.00$c0$e01-jul-2006$fGBP18.00$g0$hC$5Uk
=ACF  \\$aPrevious Copyright Fee: GBP18.00$c0$e01-apr-2006$fGBP18.00$g0$hC$5Uk
=ACF  \\$aPrevious Copyright Fee: GBP18.00$c0$e01-jan-2006$fGBP18.00$g0$hC$5Uk
=ACF  \\$aPrevious Copyright Fee: GBP18.00$c0$e01-oct-2005$fGBP18.00$g0$hC$5Uk
=ACF  \\$aPrevious Copyright Fee: GBP18.00$c0$e01-jul-2005$fGBP18.00$g0$hC$5Uk
=ACF  \\$aPrevious Copyright Fee: GBP18.00$c0$e01-apr-2005$fGBP18.00$g0$hC$5Uk
=ACF  \\$aPrevious Copyright Fee: GBP18.00$c0$e01-jan-2005$fGBP18.00$g0$hC$5Uk
=ACF  \\$aPrevious Copyright Fee: GBP20.00$c0$e01-oct-2004$fGBP20.00$g0$hC$5Uk
=ACF  \\$aPrevious Copyright Fee: GBP21.00$c0$e01-jul-2012$fGBP21.00$g0$hC$5Uk
=ACF  \\$aPrevious Copyright Fee: GBP21.00$c0$e01-oct-2012$fGBP21.00$g0$hC$5Uk
=ACF  \\$aPrevious copyright fee: GBP22.50$c5\1$e01-jan-2013$fGBP22.50$g0$hP$5Uk
=ACF  \\$aPrevious copyright fee: GBP23.40$c5\1$e01-jan-2018$fGBP23.40$g0$hP$5Uk
=ACF  \\$aPrevious copyright fee: GBP17.50$c0$e01-jan-2019$fGBP17.50$g0$hA$5Uk
=ACF  \\$aPrevious Copyright Fee: GBP23.40$c0$e01-apr-2019$fGBP23.40$g0$hC$5Uk
=ACF  \\$aPrevious Copyright Fee: GBP34.00$c0$e01-apr-2021$fGBP34.00$g0$hC$5Uk
=CAT  \\$aCONV$b00$c20040425$lBLL90$h0531
=CAT  \\$aIPL-CLA$c20120330$lBLL01$h1354
=CAT  \\$aBATCH-CLA$b00$c20120531$lBLL01$h1713
=CAT  \\$aBATCH-UPD$b00$c20120614$lBLL01$h2143
=CAT  \\$aIPL-CLA$c20120629$lBLL01$h0950
=CAT  \\$aBATCH-CLA$b00$c20120831$lBLL01$h1527
=CAT  \\$aIPL-CLA$c20120930$lBLL01$h2003
=CAT  \\$aBATCH-CLA$b00$c20121103$lBLL01$h1023
=CAT  \\$a5552$b40$c20121127$lBLL01$h1148
=CAT  \\$aIPL-CLA$c20121231$lBLL01$h1244
=CAT  \\$aIPL-CLA$c20130102$lBLL01$h1645
=CAT  \\$aWR13.005$c20130323$lBLL01$h1515
=CAT  \\$aWR14_140$c20140905$lBLL01$h1721
=CAT  \\$aBLDSS-3PM$b00$c20141222$lBLL01$h1709
=CAT  \\$a8124$b40$c20161026$lBLL01$h1137
=CAT  \\$aBATCH-UPD$b40$c20171121$lBLL01$h1737
=CAT  \\$aIPL-CLA$c20171231$lBLL01$h1347
=CAT  \\$a5552$b40$c20181016$lBLL01$h1102
=CAT  \\$aIPL-CLA$c20181231$lBLL01$h1532
=CAT  \\$aDEL-3PM$c20190115$lBLL01$h1428
=CAT  \\$aBATCH-CLA$b00$c20190228$lBLL01$h1622
=CAT  \\$aIPL-CLA$c20190331$lBLL01$h1721
=CAT  \\$aBATCH-CLA$b00$c20210227$lBLL01$h1008
=CAT  \\$aIPL-CLA$c20210331$lBLL01$h1655
=CAT  \\$aBATCH-CLA$b00$c20221130$lBLL01$h1427
=CAT  \\$aIPL-CLA$c20221231$lBLL01$h1433
=CAT  \\$aBATCH-CLA$b00$c20230209$lBLL01$h1515
=CAT  \\$aIPL-CLA$c20230209$lBLL01$h2330
=CFI  0\$aCurrent Copyright Fee: GBP34.00$c0$e09-feb-2023$fGBP34.00$g0$hC$5Uk
=CFI  2\$aBritish Library not licensed to copy$c0$e01-jan-2023$hC$iCFP Excluded$5Uk
=EST  \\$a2
=FIN  \\$aY
=FMT  \\$a  SE
=LAS  \\$aIPL-CLA$b00$c20230209$lBLL01$h2330
=LEO  \\$aMP10.0000320850
=LEO  \\$aMP5.0000029352
=LEO  \\$aMP25.0000370305
=SRC  \\$aDSS01$bbibmp10.200404.2.aa
=SRC  \\$aBNB03$bbibmp5.200404.2.aa
=SRC  \\$aSRI01$bbibmp25.200404.2.aa
=TCO  \\$aCLA$bCLA$c008
=TOC  \\$aETOC

