=LDR  05580 as a2201201 a 4500
=001  007862720
=003  Uk
=005  20181128110307.0
=007  ta
=008  791030c19679999xr\qr\p\\\b\\\0\\\a0eng\\
=019  c\$a2124575
=019  0\$as229343007
=022  0\$a0300-3604
=040  \\$aUk$cUk$dUk
=082  04$a572.46$221
=084  \\$aCR 31$2blsrissc
=222  \0$aPhotosynthetica$b(Praha)
=245  00$aPhotosynthetica.
=260  \\$aPraha :$bAcademia,$c1967-
=300  \\$av. :$bill. ;$c26 cm.
=310  \\$aQuarterly
=336  \\$atext$2rdacontent
=337  \\$aunmediated$2rdamedia
=338  \\$avolume$2rdacarrier
=500  \\$aIssued for the Institute of Experimental Botany of the ČSAV.
=540  \\$aBritish Library not licensed to copy$c0$5Uk
=546  \\$aMainly in English.
=650  \0$aPhotosynthesis$vPeriodicals.
=710  2\$aÚstav pro pokusnou botaniku.
=710  2\$aÚstav experimentální botaniky ČSAV.
=776  0\$tPhotosynthetica (Online)$x1573-9058
=852  41$aBritish Library$bDSC$j6474.370000$3Vol. 1, no. 1 (1967)-v. 53, no. 4 (2015)***UKRR Retained Title
=852  71$aBritish Library$bSTI$k(P)$hCR 31$m-E(1)$2blsrissc$3Vol. 1 (1967)-v. 41, no. 4 (2003)***UKRR Retained Title***Deficient: v. 29, no. 4; v. 39, no. 3
=945  \\$aPHOTOSYNTHETICA -PRAHA-
=959  \\$fCurrently received
=963  \\$aVOL. 1, 1967- *A=1$bY$cP370.C.206
=985  \\$aRecord merged by DQ team
=985  \\$aÚstav pro pokusnou botaniku not in BLL10 or 12
=A02  \\$a2124575
=ACF  \\$aPrevious copyright fee: GBP21.25$c23\1$e01-jan-2009$fGBP21.25$g0$hP$5Uk
=ACF  \\$aPrevious copyright fee: GBP16.75$c23\1$e01-jan-2007$fGBP16.75$g0$hP$5Uk
=ACF  \\$aPrevious copyright fee: GBP16.22$c23\1$e01-oct-2006$fGBP16.22$g0$hP$5Uk
=ACF  \\$aPrevious copyright fee: GBP17.14$c23\1$e01-apr-2006$fGBP17.14$g0$hP$5Uk
=ACF  \\$aPrevious copyright fee: GBP16.67$c23\1$e01-jan-2006$fGBP16.67$g0$hP$5Uk
=ACF  \\$aPrevious copyright fee: GBP16.22$c23\1$e01-aug-2005$fGBP16.22$g0$hP$5Uk
=ACF  \\$aPrevious copyright fee: GBP16.22$c13\1$e01-apr-2005$fGBP16.22$g0$hP$5Uk
=ACF  \\$aPrevious copyright fee: GBP16.67$c13\1$e01-jan-2005$fGBP16.67$g0$hP$5Uk
=ACF  \\$aPrevious copyright fee: GBP13.51$c13\1$e01-apr-2004$fGBP13.51$g0$hP$5Uk
=ACF  \\$aCurrent copyright fee: GBP14.71$c13\1$e01-jan-2004$fGBP14.71$g0$hP$5Uk
=ACF  \\$aCurrent copyright fee: GBP15.63$c13\1$e01-jan-2003$fGBP15.63$g0$hP$5Uk
=ACF  \\$aPrevious copyright fee: GBP22.00$c23\1$e01-apr-2009$fGBP22.00$g0$hP$5Uk
=ACF  \\$aPrevious copyright fee: GBP22.00$c23\1$e12-aug-2012$fGBP22.00$g0$hP$5Uk
=ACF  \\$aPrevious copyright fee: GBP25.00$c23\1$e01-jan-2013$fGBP25.00$g0$hP$5Uk
=ACF  \\$aPrevious copyright fee: GBP25.77$c23\1$e01-jul-2013$fGBP25.77$g0$hP$5Uk
=ACF  \\$aPrevious copyright fee: GBP24.97$c23\1$e01-jan-2014$fGBP24.97$g0$hP$5Uk
=ACF  \\$aPrevious copyright fee: GBP24.21$c23\1$e01-jul-2014$fGBP24.21$g0$hP$5Uk
=ACF  \\$aPrevious copyright fee: GBP25.77$c23\1$e01-apr-2015$fGBP25.77$g0$hP$5Uk
=ACF  \\$aPrevious copyright fee: GBP26.63$c23\1$e01-jul-2015$fGBP26.63$g0$hP$5Uk
=ACF  \\$aPrevious copyright fee: GBP25.77$c23\1$e01-oct-2015$fGBP25.77$g0$hP$5Uk
=ACF  \\$aPrevious copyright fee: GBP27.55$c23\1$e01-apr-2016$fGBP27.55$g0$hP$5Uk
=ACF  \\$aPrevious copyright fee: GBP29.59$c23\1$e01-oct-2016$fGBP29.59$g0$hP$5Uk
=ACF  \\$aPrevious copyright fee: GBP31.96$c23\1$e01-apr-2017$fGBP31.96$g0$hP$5Uk
=ACF  \\$aPrevious copyright fee: GBP30.73$c23\1$e01-oct-2017$fGBP30.73$g0$hP$5Uk
=ACF  \\$aPrevious copyright fee: GBP34.00$c22\1$e01-jul-2018$fGBP34.00$g0$hP$5Uk
=ACF  \\$aPrevious copyright fee: GBP28.54$c23\1$e01-apr-2018$fGBP28.54$g0$hP$5Uk
=CAT  \\$aCONV$b00$c20040425$lBLL90$h0708
=CAT  \\$aBATCH-UPD$b00$c20150219$lBLL01$h1800
=CAT  \\$aIPL-CLA$c20150331$lBLL01$h1616
=CAT  \\$aBATCH-UPD$b00$c20150520$lBLL01$h1802
=CAT  \\$aIPL-CLA$c20150630$lBLL01$h1633
=CAT  \\$aBATCH-UPD$b00$c20150820$lBLL01$h1848
=CAT  \\$aIPL-CLA$c20150930$lBLL01$h1743
=CAT  \\$a11316$b40$c20151016$lBLL01$h1116
=CAT  \\$aBATCH-UPD$b40$c20160217$lBLL01$h1740
=CAT  \\$aIPL-CLA$c20160331$lBLL01$h1700
=CAT  \\$aBATCH-UPD$b00$c20160524$lBLL01$h2207
=CAT  \\$aBATCH-UPD$b00$c20160524$lBLL01$h2350
=CAT  \\$aBATCH-UPD$b00$c20160824$lBLL01$h1807
=CAT  \\$aIPL-CLA$c20160930$lBLL01$h1544
=CAT  \\$aBATCH-UPD$b00$c20170216$lBLL01$h1855
=CAT  \\$aIPL-CLA$c20170331$lBLL01$h1828
=CAT  \\$aBATCH-UPD$b00$c20170904$lBLL01$h1905
=CAT  \\$aIPL-CLA$c20170929$lBLL01$h1710
=CAT  \\$aBATCH-UPD$b00$c20180223$lBLL01$h1739
=CAT  \\$aIPL-CLA$c20180331$lBLL01$h1558
=CAT  \\$aBATCH-UPD$b00$c20180524$lBLL01$h1725
=CAT  \\$aIPL-CLA$c20180630$lBLL01$h1908
=CAT  \\$a5552$b40$c20181128$lBLL01$h1103
=CAT  \\$aBATCH-CLA$b00$c20181130$lBLL01$h1605
=CAT  \\$aDEL-3PM$c20181213$lBLL01$h1540
=CAT  \\$aIPL-CLA$c20181231$lBLL01$h1533
=CFI  0\$aBritish Library not licensed to copy$c0$e01-jan-2019$hC$iCFP Excluded$5Uk
=CFI  2\$aPrevious Copyright Fee: GBP17.50$c0$e28-nov-2018$fGBP17.50$g0$hA$5Uk
=EST  \\$a2
=FIN  \\$aY
=FMT  \\$a  SE
=LAS  \\$aIPL-CLA$b00$c20181231$lBLL01$h1533
=LEO  \\$aMP25.0000088999
=LEO  \\$aMP10.0000439072
=SRC  \\$aSRI01$bbibmp25.200404.2.aa
=SRC  \\$aDSS01$bbibmp10.200404.2.aa
=TCO  \\$aXXX$c008
=TOC  \\$aETOC

