=LDR  05191cas a2201225 a 4500
=001  012401544
=003  Uk
=005  20230209233602.0
=007  ta
=008  930812c19939999ne\qr\p\\\\\\\0\\\a0eng\\
=015  \\$aGB9338363$2bnb
=019  c\$a2480900
=019  y\$ab9338363
=019  9\$ab9338363
=019  1\$ab9338363
=022  0\$a0967-067X
=039  0\$a2249
=040  \\$aUk$beng$cUk$dUk
=042  \\$aukblsr
=082  04$a320.53205$220
=210  0\$aCommunist post-communist stud.
=222  \0$aCommunist and post-communist studies
=245  00$aCommunist and post-communist studies.
=260  \\$aOxford :$bButterworth-Heinemann,$c1993-
=260  2\$a[Oxford ;$aNew York] :$bPergamon Press
=264  31$a[Amsterdam] :$bElsevier
=300  \\$av. ;$c25 cm.
=310  \\$aQuarterly
=336  \\$atext$2rdacontent
=337  \\$aunmediated$2rdamedia
=338  \\$avolume$2rdacarrier
=362  0\$aVol. 26, no. 1 (Mar. 1993)-
=540  \\$aCurrent Copyright Fee: GBP34.00$c0$5Uk
=550  \\$aPublished on behalf of: the Regents of the University of California.
=588  \\$aLatest issue consulted: volume 47, number 2 (June 2014).
=595  \\$aFORMERLY 8490.23 UP TO VOL. 25, 1992.
=650  \0$aCommunism$vPeriodicals.
=650  \0$aPost-communism$vPeriodicals.
=653  1\$aCommunism
=710  2\$aUniversity of California (System).$bRegents.
=776  08$iAlso issued online as:$tCommunist and post-communist studies (Online)$x1873-6920
=780  00$tStudies in comparative communism$x0039-3592
=852  41$aBritish Library$bDSC$j3363.547700$3Vol. 26, no. 1 (1993)-v. 48, no. 1 (2015)***UKRR Retained Title
=852  41$aBritish Library$bHMNTS$jP.701/259$3Vol.26, no.1 (Mar.1993)- v. 47 n. 3/4 (Sep./Dec.2014)***Title now taken as electronic copy
=945  \\$aCommunist and postcommunist studies
=959  \\$fHeld but not currently received
=963  \\$aVOL. 26, 1993- *A=1$bY$cP231.C.36
=985  \\$aISSN responsibility transferred to ISSN Netherlands Centre. Change made globally by ISSN International Centre in connection with Elsevier serials - Jan. 2009.
=985  \\$aRecord merged by DQ team
=A02  \\$a2480900
=ACF  \\$aPrevious copyright fee: GBP19.00$c5\5$e01-jan-2008$fGBP19.00$g0$hP$5Uk
=ACF  \\$aPrevious copyright fee: GBP18.00$c5\5$e01-apr-2004$fGBP18.00$g0$hP$5Uk
=ACF  \\$aCurrent copyright fee: GBP20.00$c5\5$e01-jan-2003$fGBP20.00$g0$hP$5Uk
=ACF  \\$aCurrent copyright fee: GBP15.00$c5\5$e01-jul-2002$fGBP15.00$g0$hP$5Uk
=ACF  \\$aPrevious copyright fee: GBP20.00$c5\1$e01-jan-2009$fGBP20.00$g0$hP$5Uk
=ACF  \\$aPrevious copyright fee: GBP21.00$c5\1$e01-jan-2012$fGBP21.00$g0$hP$5Uk
=ACF  \\$aPrevious copyright fee: GBP22.50$c5\1$e01-jan-2013$fGBP22.50$g0$hP$5Uk
=ACF  \\$aPrevious copyright fee: GBP23.40$c5\1$e01-jan-2018$fGBP23.40$g0$hP$5Uk
=ACF  \\$aPrevious copyright fee: GBP32.84$c5\1$e01-jul-2019$fGBP32.84$g0$hP$5Uk
=ACF  \\$aPrevious Copyright Fee: GBP20.00$c0$e01-jan-2020$fGBP20.00$g0$hA$5Uk
=ACF  \\$aPrevious Copyright Fee: GBP23.40$c0$e01-apr-2020$fGBP23.40$g0$hC$5Uk
=ACF  \\$aPrevious Copyright Fee: GBP34.00$c0$e01-apr-2021$fGBP34.00$g0$hC$5Uk
=CAT  \\$aCONV$b00$c20040425$lBLL90$h0701
=CAT  \\$aBATCH-UPD$b00$c20121121$lBLL01$h1655
=CAT  \\$aIPL-CLA$c20121231$lBLL01$h1307
=CAT  \\$aIPL-CLA$c20130102$lBLL01$h1723
=CAT  \\$aWR13.005$c20130323$lBLL01$h1456
=CAT  \\$a5997$b40$c20140814$lBLL01$h1236
=CAT  \\$aWR14_140$c20140905$lBLL01$h1759
=CAT  \\$aBLDSS-3PM$b00$c20141222$lBLL01$h1712
=CAT  \\$a11205$b40$c20150528$lBLL01$h1114
=CAT  \\$aBATCH-UPD$b40$c20160413$lBLL01$h1816
=CAT  \\$aBATCH-UPD$b40$c20170304$lBLL01$h1118
=CAT  \\$aBATCH-UPD$b40$c20171121$lBLL01$h1742
=CAT  \\$aIPL-CLA$c20171231$lBLL01$h1614
=CAT  \\$aBATCH-UPD$b00$c20190521$lBLL01$h1434
=CAT  \\$aIPL-CLA$c20190630$lBLL01$h1531
=CAT  \\$a5552$b40$c20191129$lBLL01$h1119
=CAT  \\$aIPL-CLA$c20191231$lBLL01$h1915
=CAT  \\$aDEL-3PM$c20200108$lBLL01$h0853
=CAT  \\$aBATCH-CLA$b00$c20200228$lBLL01$h1634
=CAT  \\$aIPL-CLA$c20200331$lBLL01$h1611
=CAT  \\$aBATCH-CLA$b00$c20210227$lBLL01$h1011
=CAT  \\$aIPL-CLA$c20210331$lBLL01$h1659
=CAT  \\$aBATCH-CLA$b00$c20221130$lBLL01$h1441
=CAT  \\$aIPL-CLA$c20221231$lBLL01$h1443
=CAT  \\$aBATCH-CLA$b00$c20230209$lBLL01$h1528
=CAT  \\$aIPL-CLA$c20230209$lBLL01$h2336
=CFI  0\$aCurrent Copyright Fee: GBP34.00$c0$e09-feb-2023$fGBP34.00$g0$hC$5Uk
=CFI  2\$aBritish Library not licensed to copy$c0$e01-jan-2023$hC$iCFP Excluded$5Uk
=EST  \\$a2
=FIN  \\$aY
=FMT  \\$a  SE
=LAS  \\$aIPL-CLA$b00$c20230209$lBLL01$h2336
=LEO  \\$aMP5.0000810257
=LEO  \\$aMP13.0000321133
=LEO  \\$aMP22.0000038504
=LEO  \\$aMP10.0000157683
=LET  \0$aCommunist and post-communist studies (Print)
=SRC  \\$aBNB03$bbibmp5.200404.2.ab
=SRC  \\$aHSS01$bbibmp13.200404.2.aa
=SRC  \\$aISN01$bbibmp22.200404.2.aa
=SRC  \\$aDSS01$bbibmp10.200404.2.aa
=TCO  \\$aCLA$bCLA$c008
=TOC  \\$aETOC

