=LDR  04209cas a2200973 a 4500
=001  012427731
=003  Uk
=005  20120210105011.0
=007  ta
=008  040409c19979999ne\qr\p\\\\\\\0\\\a0eng\\
=019  c\$a2546855
=022  0\$a1090-0578
=040  \\$aUk$cUk$dUk
=082  04$a003.75$222
=245  00$aNonlinear dynamics, psychology, and life sciences.
=260  \\$aNew York, N.Y. :$bHuman Sciences Press,$cc1997-
=300  \\$av. :$bill. ;$c23 cm.
=310  \\$aQuarterly
=336  \\$atext$2rdacontent
=337  \\$aunmediated$2rdamedia
=338  \\$avolume$2rdacarrier
=362  0\$aVol. 1, no. 1 (Jan. 1997)-
=540  \\$aBritish Library not licensed to copy$c0$5Uk
=550  \\$aJournal of the Society for Chaos Theory in Psychology & Life Sciences.
=650  \0$aPsychology$vPeriodicals.
=650  \0$aSocial sciences$vPeriodicals.
=650  \0$aLife sciences$vPeriodicals.
=650  \0$aChaotic behavior in systems$vPeriodicals.
=650  \0$aNonlinear theories$vPeriodicals.
=710  2\$aSociety for Chaos Theory in Psychology & Life Sciences.
=852  41$aBritish Library$bDSC$j6117.316720$3Vol. 1, no. 1 (1997)-***UKRR Retained Title
=945  \\$aNONLINEAR DYNAMICS PSYCHOLOGY AND LIFE SCIENCES.
=959  \\$fCurrently received
=985  \\$aCorrected by MS generated file for WR# 12.018
=A02  \\$a2546855
=ACF  \\$aPrevious copyright fee: GBP16.67$c4\2$e01-jan-2006$fGBP16.67$g0$hP$5Uk
=ACF  \\$aPrevious copyright fee: GBP16.22$c4\2$e01-apr-2005$fGBP16.22$g0$hP$5Uk
=ACF  \\$aPrevious copyright fee: GBP16.67$c4\2$e01-jan-2005$fGBP16.67$g0$hP$5Uk
=ACF  \\$aPrevious copyright fee: GBP13.51$c4\2$e01-apr-2004$fGBP13.51$g0$hP$5Uk
=ACF  \\$aCurrent copyright fee: GBP14.71$c4\2$e01-jan-2004$fGBP14.71$g0$hP$5Uk
=ACF  \\$aCurrent copyright fee: GBP15.63$c4\2$e01-jan-2003$fGBP15.63$g0$hP$5Uk
=ACF  \\$aPrevious copyright fee: GBP17.14$c4\2$e01-apr-2006$fGBP17.14$g0$hP$5Uk
=ACF  \\$aBritish Library not licensed to copy$c0$e10-feb-2012$hC$iCFP Excluded$5Uk
=ACF  \\$aBritish Library not licensed to copy$c0$e01-jan-2013$hC$iCFP Excluded$5Uk
=ACF  \\$aBritish Library not licensed to copy$c0$e01-apr-2013$hC$iCFP Excluded$5Uk
=ACF  \\$aBritish Library not licensed to copy$c0$e01-jul-2013$hC$iCFP Excluded$5Uk
=ACF  \\$aBritish Library not licensed to copy$c0$e01-oct-2013$hC$iCFP Excluded$5Uk
=ACF  \\$aBritish Library not licensed to copy$c0$e01-jan-2014$hC$iCFP Excluded$5Uk
=CAT  \\$aCONV$b00$c20040425$lBLL90$h0707
=CAT  \\$aBATCH$b00$c20091210$lBLL01$h2327
=CAT  \\$aBATCH$b00$c20091214$lBLL01$h0841
=CAT  \\$aBATCH$b00$c20091216$lBLL01$h0215
=CAT  \\$a8874$b40$c20110629$lBLL01$h1510
=CAT  \\$a5552$b40$c20120210$lBLL01$h1050
=CAT  \\$aBLSS-CORR$b00$c20120724$lBLL01$h1759
=CAT  \\$aBATCH-CLA$b00$c20121109$lBLL01$h1735
=CAT  \\$aWR12_128$c20121113$lBLL01$h1837
=CAT  \\$aBATCH-CLA$b00$c20121130$lBLL01$h1241
=CAT  \\$aIPL-CLA$c20121231$lBLL01$h1308
=CAT  \\$aIPL-CLA$c20130102$lBLL01$h1725
=CAT  \\$aBATCH-CLA$b00$c20130228$lBLL01$h1710
=CAT  \\$aWR13.005$c20130323$lBLL01$h1507
=CAT  \\$aIPL-CLA$c20130331$lBLL01$h1053
=CAT  \\$a540_fix$c20130403$lBLL01$h2013
=CAT  \\$aBATCH-CLA$b00$c20130531$lBLL01$h1645
=CAT  \\$aIPL-CLA$c20130701$lBLL01$h0039
=CAT  \\$aBATCH-CLA$b00$c20130830$lBLL01$h1628
=CAT  \\$aIPL-CLA$c20130930$lBLL01$h1739
=CAT  \\$aBATCH-CLA$b00$c20131129$lBLL01$h1657
=CAT  \\$aIPL-CLA$c20131231$lBLL01$h2324
=CAT  \\$aBATCH-CLA$b00$c20140228$lBLL01$h1616
=CAT  \\$aIPL-CLA$c20140331$lBLL01$h1625
=CAT  \\$aBATCH-CLA$b00$c20140530$lBLL01$h1713
=CAT  \\$aIPL-CLA$c20140630$lBLL01$h1718
=CFI  0\$aBritish Library not licensed to copy$c0$e01-jul-2014$hC$iCFP Excluded$5Uk
=CFI  2\$aBritish Library not licensed to copy$c0$e01-apr-2014$hC$iCFP Excluded$5Uk
=EST  \\$a2
=FIN  \\$aY
=FMT  \\$a  SE
=LAS  \\$aIPL-CLA$b00$c20140630$lBLL01$h1718
=LEO  \\$aMP10.0000407893
=SRC  \\$aDSS01$bbibmp10.200404.2.aa
=TCO  \\$aNLD$bSTICHTING REPRORECHT$c008
=TOC  \\$aETOC

