=LDR  04462cas a2200973 a 4500
=001  013035838
=003  Uk
=005  20230209233643.0
=007  ta
=008  041112c20039999it\tr\p\\\\\\\0\\\a0eng\\
=022  0\$a1614-4007
=040  \\$aUk$beng$cUk$dUk
=082  04$a947.086$223
=222  \0$aTransition studies review$b(Print)
=245  00$aTransition studies review.
=260  \\$aMilan :$bEgea-Bocconi University Press,$c2003-
=260  3\$aVienna :$bSpringer Verlag Wien
=264  31$aVenice :$bTransition Academia Press
=336  \\$atext$2rdacontent
=337  \\$aunmediated$2rdamedia
=338  \\$avolume$2rdacarrier
=362  0\$aVol. 10, no. 1 (2003)-
=540  \\$aCurrent Copyright Fee: GBP29.95$c0$5Uk
=588  \\$aLatest issue consulted: volume 22, issue 2 (December 2015).
=651  \0$aEurope, Eastern$xPolitics and government$y1989-$vPeriodicals.
=651  \0$aEurope, Eastern$xEconomic conditions$y1989-$vPeriodicals.
=651  \0$aFormer Soviet republics$xPolitics and government$vPeriodicals.
=651  \0$aFormer Soviet republics$xEconomic conditions$vPeriodicals.
=710  2\$aCentral and Eastern European University Network.
=776  0\$tTransition studies review (Online)$x1614-4015
=780  00$aMittelforum$x1123-7597
=852  41$aBritish Library$bDSC$j9020.864000$3Vol. 11, No. 3 (2004)-v. 17, no. 4 (2010); v. 21 (2014)-
=945  \\$aTransition studies review
=959  \\$fCurrently received
=ACF  \\$aPrevious copyright fee: GBP21.25$c23\6$e01-jan-2009$fGBP21.25$g0$hP$5Uk
=ACF  \\$aPrevious copyright fee: GBP16.75$c23\6$e01-jan-2007$fGBP16.75$g0$hP$5Uk
=ACF  \\$aPrevious copyright fee: GBP16.22$c23\6$e01-oct-2006$fGBP16.22$g0$hP$5Uk
=ACF  \\$aPrevious copyright fee: GBP17.14$c23\6$e01-apr-2006$fGBP17.14$g0$hP$5Uk
=ACF  \\$aPrevious copyright fee: GBP16.67$c23\6$e01-jan-2006$fGBP16.67$g0$hP$5Uk
=ACF  \\$aPrevious copyright fee: GBP16.22$c23\6$e01-apr-2005$fGBP16.22$g0$hP$5Uk
=ACF  \\$aPrevious copyright fee: GBP16.67$c23\6$e01-jan-2005$fGBP16.67$g0$hP$5Uk
=ACF  \\$aPrevious copyright fee: GBP18.92$c23\6$e18-nov-2004$fGBP18392$g0$hP$5Uk
=ACF  \\$aPrevious copyright fee: GBP22.00$c23\6$e01-apr-2009$fGBP22.00$g0$hP$5Uk
=ACF  \\$aPrevious copyright fee: GBP22.00$c23\6$e12-aug-2012$fGBP22.00$g0$hP$5Uk
=ACF  \\$aPrevious copyright fee: GBP25.00$c23\6$e01-jan-2013$fGBP25.00$g0$hP$5Uk
=ACF  \\$aPrevious copyright fee: GBP25.77$c23\6$e01-jul-2013$fGBP25.77$g0$hP$5Uk
=ACF  \\$aPrevious copyright fee: GBP24.21$c23\6$e01-jul-2014$fGBP24.21$g0$hP$5Uk
=ACF  \\$aPrevious copyright fee: GBP24.97$c23\6$e01-jan-2014$fGBP24.97$g0$hP$5Uk
=ACF  \\$aPrevious copyright fee: GBP12.30$c0$e26-mar-2015$fGBP12.30$g0$hA$5Uk
=ACF  \\$aPrevious Copyright Fee: GBP29.95$c0$e01-jul-2015$fGBP29.95$g0$hC$5Uk
=CAT  \\$a6790$b40$c20041112$lBLL01$h1113
=CAT  \\$aBATCH-UPD$b00$c20121121$lBLL01$h1629
=CAT  \\$aIPL-CLA$c20121231$lBLL01$h1313
=CAT  \\$aIPL-CLA$c20130102$lBLL01$h1734
=CAT  \\$aBATCH-UPD$b00$c20130522$lBLL01$h1731
=CAT  \\$aIPL-CLA$c20130701$lBLL01$h0045
=CAT  \\$aBATCH-UPD$b00$c20131119$lBLL01$h2058
=CAT  \\$aIPL-CLA$c20131231$lBLL01$h2343
=CAT  \\$aBATCH-UPD$b00$c20140527$lBLL01$h2123
=CAT  \\$aBATCH-CLA$c20140528$lBLL01$h1738
=CAT  \\$aIPL-CLA$c20140630$lBLL01$h1722
=CAT  \\$aBLDSS-3PM$b00$c20150103$lBLL01$h1043
=CAT  \\$aBATCH-UPD$b00$c20150219$lBLL01$h1811
=CAT  \\$a5552$b40$c20150326$lBLL01$h1356
=CAT  \\$a6558$b40$c20150326$lBLL01$h1649
=CAT  \\$a6558$b40$c20150326$lBLL01$h1824
=CAT  \\$a6558$b40$c20150326$lBLL01$h1825
=CAT  \\$aBATCH-CLA$b00$c20150529$lBLL01$h1529
=CAT  \\$aIPL-CLA$c20150630$lBLL01$h1645
=CAT  \\$a10806$b40$c20150803$lBLL01$h1100
=CAT  \\$a10806$b40$c20150803$lBLL01$h1102
=CAT  \\$a5110$b40$c20160303$lBLL01$h0911
=CAT  \\$aBATCH-CLA$b00$c20221130$lBLL01$h1438
=CAT  \\$aIPL-CLA$c20221231$lBLL01$h1445
=CAT  \\$aBATCH-CLA$b00$c20230209$lBLL01$h1525
=CAT  \\$aIPL-CLA$c20230209$lBLL01$h2336
=CFI  0\$aCurrent Copyright Fee: GBP29.95$c0$e09-feb-2023$fGBP29.95$g0$hC$5Uk
=CFI  2\$aBritish Library not licensed to copy$c0$e01-jan-2023$hC$iCFP Excluded$5Uk
=EST  \\$a2
=FIN  \\$aY$d20100928
=FMT  \\$a  SE
=LAS  \\$aIPL-CLA$b00$c20230209$lBLL01$h2336
=TCO  \\$aXXX$c008
=TOC  \\$aETOC

