=LDR  04458cas a2200997 a 4500
=001  013423833
=003  Uk
=005  20230209233702.0
=007  ta
=008  060313c20069999nyubr\p\\\\\\\0\\\a0eng\\
=022  \\$a1871-5532
=040  \\$aUk$beng$cUk$dUk
=082  04$a660.2804$223
=222  \0$aJournal of chemical health and safety
=245  00$aJournal of chemical health & safety.
=246  3\$aJournal of chemical health and safety
=260  \\$aNew York :$bElsevier,$c2006-
=300  \\$av. :$bill., ports. ;$c28 cm.
=310  \\$aBimonthly
=336  \\$atext$2rdacontent
=337  \\$aunmediated$2rdamedia
=338  \\$avolume$2rdacarrier
=362  0\$aVol. 13, no. 1 (Jan./Feb. 2006)-
=530  \\$aAlso issued online.
=540  \\$aCurrent Copyright Fee: GBP34.00$c0$5Uk
=550  \\$aPublished for the ACS Division of Chemical Health and Safety.
=650  \0$aChemicals$xSafety measures$vPeriodicals.
=650  \0$aChemicals$xHealth aspects$vPeriodicals.
=650  \0$aChemical industry$xHealth aspects$vPeriodicals.
=650  \0$aChemical industry$xSafety measures$vPeriodicals.
=650  \0$aIndustrial safety$vPeriodicals.
=650  \0$aIndustrial hygiene$vPeriodicals.
=710  2\$aAmerican Chemical Society.$bDivision of Chemical Health and Safety.
=776  1\$tJournal of chemical health & safety (Online)$x1878-0504
=780  00$tChemical health and safety$x1074-9098
=852  41$aBritish Library$bDSC$j4956.730000$3Vol. 13, no. 1 (2006)-v. 16, no. 6 (2009)***UKRR Retained Title
=945  \\$aJournal of chemical health and safety
=959  \\$fHeld but not currently received
=ACF  \\$aPrevious copyright fee: GBP19.00$c5\4$e01-jan-2008$fGBP19.00$g0$hP$5Uk
=ACF  \\$aPrevious Copyright Fee: GBP18.00$c5\4$e13-mar-2006$fGBP18.00$g0$hP$5Uk
=ACF  \\$aPrevious copyright fee: GBP20.00$c5\1$e01-jan-2009$fGBP20.00$g0$hP$5Uk
=ACF  \\$aPrevious copyright fee: GBP21.00$c5\1$e01-jan-2012$fGBP21.00$g0$hP$5Uk
=ACF  \\$aPrevious copyright fee: GBP22.50$c5\1$e01-jan-2013$fGBP22.50$g0$hP$5Uk
=ACF  \\$aPrevious copyright fee: GBP23.40$c5\1$e01-jan-2018$fGBP23.40$g0$hP$5Uk
=ACF  \\$aPrevious copyright fee: GBP32.84$c5\1$e01-jul-2019$fGBP32.84$g0$hP$5Uk
=ACF  \\$aPrevious Copyright Fee: GBP20.00$c0$e01-jan-2020$fGBP20.00$g0$hA$5Uk
=ACF  \\$aPrevious Copyright Fee: GBP23.40$c0$e01-apr-2020$fGBP23.40$g0$hC$5Uk
=ACF  \\$aPrevious Copyright Fee: GBP34.00$c0$e01-apr-2021$fGBP34.00$g0$hC$5Uk
=CAT  \\$a5473$b40$c20060313$lBLL01$h0841
=CAT  \\$aIPL-CLA$c20111230$lBLL01$h2024
=CAT  \\$a8201$b40$c20120402$lBLL01$h1611
=CAT  \\$a8323$b40$c20120905$lBLL01$h1310
=CAT  \\$aBATCH-CLA$b00$c20121109$lBLL01$h1727
=CAT  \\$aBATCH-UPD$b00$c20121121$lBLL01$h1657
=CAT  \\$aIPL-CLA$c20121231$lBLL01$h1319
=CAT  \\$aIPL-CLA$c20130102$lBLL01$h1744
=CAT  \\$aBATCH-CLA$b00$c20140125$lBLL01$h1320
=CAT  \\$aBATCH-CLA$c20140225$lBLL01$h2326
=CAT  \\$aBLDSS-3PM$b00$c20141222$lBLL01$h1715
=CAT  \\$aBATCH-UPD$b00$c20160413$lBLL01$h1820
=CAT  \\$aBATCH-UPD$b00$c20170304$lBLL01$h1212
=CAT  \\$aBATCH-UPD$b00$c20171121$lBLL01$h1746
=CAT  \\$aIPL-CLA$c20171231$lBLL01$h1653
=CAT  \\$aBATCH-UPD$b00$c20190521$lBLL01$h1437
=CAT  \\$aIPL-CLA$c20190630$lBLL01$h1535
=CAT  \\$a5552$b40$c20191129$lBLL01$h1143
=CAT  \\$aIPL-CLA$c20191231$lBLL01$h1938
=CAT  \\$aDEL-3PM$c20200108$lBLL01$h0853
=CAT  \\$aBATCH-CLA$b00$c20200228$lBLL01$h1636
=CAT  \\$aIPL-CLA$c20200331$lBLL01$h1616
=CAT  \\$aBATCH-CLA$b00$c20210227$lBLL01$h1013
=CAT  \\$aIPL-CLA$c20210331$lBLL01$h1700
=CAT  \\$aBATCH-CLA$b00$c20221130$lBLL01$h1447
=CAT  \\$aIPL-CLA$c20221231$lBLL01$h1447
=CAT  \\$aBATCH-CLA$b00$c20230209$lBLL01$h1534
=CAT  \\$aIPL-CLA$c20230209$lBLL01$h2337
=CFI  0\$aCurrent Copyright Fee: GBP34.00$c0$e09-feb-2023$fGBP34.00$g0$hC$5Uk
=CFI  2\$aBritish Library not licensed to copy$c0$e01-jan-2023$hC$iCFP Excluded$5Uk
=EST  \\$a2
=FIN  \\$aY$d20060316
=FMT  \\$a  SE
=LAS  \\$aIPL-CLA$b00$c20230209$lBLL01$h2337
=LKR  \\$aPAR$b013417534$lBLL01$r776$mJournal of chemical health & safety (Print)$nJournal of chemical health & safety (Online)
=LKR  \\$aPAR$b009569584$lBLL01$r78000$mJournal of chemical health and safety$nChemical health & safety
=TCO  \\$aTRS$bCCC$c008
=TOC  \\$aETOC

