=LDR  05317cas a2201285 a 4500
=001  011108377
=003  Uk
=005  20230209233444.0
=007  ta
=008  020107d20012008ncuqr\p\\\\\\\0\\\a0eng\\
=010  \\$a2002208599
=015  \\$aGBA322622$2bnb
=019  y\$abA322622
=019  9\$abA322622
=019  1\$abA322622
=019  c\$a2609567
=022  0\$a1474-3310$202
=035  \\$a(OCoLC)ocm49424174
=039  0\$a2734
=040  \\$aUk$beng$cUk$dUk
=042  \\$aukblsr$aissnuk
=050  00$aRC480.55$b.B773
=060  00$aW1$bBR2043Q
=082  04$a616.8914$223
=210  0\$aBrief treat. crisis interv.$b(Print)
=222  \0$aBrief treatment and crisis intervention$b(Print)
=245  00$aBrief treatment and crisis intervention.
=260  \\$aCary, N.C. ;$aOxford :$bOxford University Press,$c2001-2008.
=300  \\$av. ;$c28 cm.
=310  \\$aQuarterly
=336  \\$atext$2rdacontent
=337  \\$aunmediated$2rdamedia
=338  \\$avolume$2rdacarrier
=362  0\$aVol. 1, no. 1 (summer 2001)-v. 8, no. 4 (2008).
=500  \\$aTitle from cover.
=540  \\$aCurrent Copyright Fee: GBP14.00$c0$5Uk
=650  \0$aBrief psychotherapy$vPeriodicals.
=650  12$aCrisis Intervention$vPeriodicals.
=650  12$aPsychotherapy, Brief$vPeriodicals.
=650  22$aBehavioral Medicine$vPeriodicals.
=650  22$aForensic Psychiatry$vPeriodicals.
=776  08$iAlso issued online as:$tBrief treatment and crisis intervention (Online)$x1474-3329
=852  41$aBritish Library$bDSC$j2283.953300$3Vol. 1 (2001)-v. 8, no. 4 (2008)
=852  41$aBritish Library$bHMNTS$jZK.9.b.18685$3Vol.1, no.1 (summer 2001)-v. 8, no. 4 (2008)
=945  \\$aBRIEF TREATMENT AND CRISIS INTERVENTION.
=959  \\$fHeld but not currently received
=985  \\$aRecord merged by SUNCAT team
=A02  \\$a2609567
=ACF  \\$aPrevious copyright fee: GBP14.00$c29\0$e01-jan-2008$fGBP14.00$g0$hP$5Uk
=ACF  \\$aPrevious copyright fee: GBP13.00$c29\0$e01-jan-2006$fGBP13.00$g0$hP$5Uk
=ACF  \\$aPrevious copyright fee: GBP12.00$c29\0$e01-jan-2004$fGBP12.00$g0$hP$5Uk
=ACF  \\$aCurrent copyright fee: GBP8.00$c29\0$e01-apr-2002$fGBP8.00$g0$hP$5Uk
=ACF  \\$aCurrent copyright fee: GBP2.50$c0$e27-sep-2001$fGBP2.50$g0$hC$5Uk
=ACF  \\$aPrevious copyright fee: GBP18.00$c29\0$e01-jan-2009$fGBP18.00$g0$hP$5Uk
=ACF  \\$aPrevious copyright fee: GBP14.00$c29\0$e01-jan-2010$fGBP14.00$g0$hP$5Uk
=ACF  \\$aPrevious copyright fee: GBP20.00$c29\0$e01-jan-2013$fGBP20.00$g0$hP$5Uk
=ACF  \\$aPrevious copyright fee: GBP23.00$c29\0$e01-jan-2015$fGBP23.00$g0$hP$5Uk
=ACF  \\$aPrevious copyright fee: GBP24.00$c29\0$e01-jan-2016$fGBP24.00$g0$hP$5Uk
=ACF  \\$aPrevious copyright fee: GBP26.00$c29\0$e01-jan-2017$fGBP26.00$g0$hP$5Uk
=ACF  \\$aPrevious copyright fee: GBP27.00$c29\0$e01-jan-2018$fGBP27.00$g0$hP$5Uk
=ACF  \\$aPrevious Copyright Fee: GBP20.00$c29\0$e01-jan-2020$fGBP20.00$g0$hP$5Uk
=ACF  \\$aPrevious copyright fee: GBP28.00$c29\0$e01-jan-2019$fGBP28.00$g0$hP$5Uk
=ACF  \\$aPrevious Copyright Fee: GBP22.50$c0$e13-jan-2022$fGBP22.50$g0$hA$5Uk
=ACF  \\$aPrevious Copyright Fee: GBP14.00$c0$e01-apr-2022$fGBP14.00$g0$hC$5Uk
=CAT  \\$aWR09-126
=CAT  \\$aBLDSS-3PM$b00$c20141208$lBLL01$h1623
=CAT  \\$aIPL-CLA$c20141231$lBLL01$h1647
=CAT  \\$aBATCH-UPD$b00$c20151119$lBLL01$h1550
=CAT  \\$aIPL-CLA$c20151231$lBLL01$h1915
=CAT  \\$aBATCH-UPD$b00$c20160413$lBLL01$h1812
=CAT  \\$aBATCH-UPD$b00$c20160524$lBLL01$h2208
=CAT  \\$aBATCH-UPD$b00$c20160525$lBLL01$h0004
=CAT  \\$a11205$b40$c20160920$lBLL01$h1240
=CAT  \\$a11205$b40$c20160920$lBLL01$h1401
=CAT  \\$aBATCH-ROF$b00$c20160924$lBLL01$h1749
=CAT  \\$aBATCH-UPD$b00$c20161122$lBLL01$h1520
=CAT  \\$aIPL-CLA$c20161230$lBLL01$h2001
=CAT  \\$aBATCH-UPD$b00$c20171121$lBLL01$h1703
=CAT  \\$aIPL-CLA$c20171231$lBLL01$h1531
=CAT  \\$aBATCH-UPD$b00$c20181217$lBLL01$h1651
=CAT  \\$aIPL-CLA$c20181231$lBLL01$h1537
=CAT  \\$aR1911-1518$c20191206$lBLL01$h1419
=CAT  \\$aIPL-CLA$c20191231$lBLL01$h1841
=CAT  \\$a5552$b40$c20220112$lBLL01$h0557
=CAT  \\$a12654$b40$c20220117$lBLL01$h0725
=CAT  \\$aDEL-3PM$c20220117$lBLL01$h1400
=CAT  \\$aBATCH-CLA$b00$c20220304$lBLL01$h1533
=CAT  \\$aIPL-CLA$c20220331$lBLL01$h1951
=CAT  \\$aBATCH-CLA$b00$c20221130$lBLL01$h1442
=CAT  \\$aIPL-CLA$c20221231$lBLL01$h1441
=CAT  \\$aBATCH-CLA$b00$c20230209$lBLL01$h1529
=CAT  \\$aIPL-CLA$c20230209$lBLL01$h2334
=CFI  0\$aCurrent Copyright Fee: GBP14.00$c0$e09-feb-2023$fGBP14.00$g0$hC$5Uk
=CFI  2\$aBritish Library not licensed to copy$c0$e01-jan-2023$hC$iCFP Excluded$5Uk
=EST  \\$a2
=FIN  \\$aY
=FMT  \\$a  SE
=LAS  \\$aIPL-CLA$b00$c20230209$lBLL01$h2334
=LEO  \\$aMP5.0000020056
=LEO  \\$aMP13.0000236544
=LEO  \\$aMP22.0000067028
=LEO  \\$aMP10.0000108882
=LET  \0$aBrief treatment and crisis intervention (Print)
=SID  \\$aZ39$bLOC
=SRC  \\$aBNB03$bbibmp5.200404.2.aa
=SRC  \\$aHSS01$bbibmp13.200404.2.aa
=SRC  \\$aISN01$bbibmp22.200404.2.aa
=SRC  \\$aDSS01$bbibmp10.200404.2.aa
=TCO  \\$aTRS$bCCC$c008
=TOC  \\$aETOC

