=LDR  04489cas a2201045 a 4500
=001  011120302
=003  Uk
=005  20230209233447.0
=007  ta
=008  040409c19779999nyubr\p\\\\\\\0\\\a0eng\\
=019  c\$a2098874
=022  0\$a0147-7307
=040  \\$aUk$cUk$dUk
=082  04$a340/.05
=210  0\$aLaw hum. behav.
=222  \0$aLaw and human behavior
=245  00$aLaw and human behavior.
=260  \\$a[New York,$bPlenum Pub. Corp.]$c1977-
=300  \\$av.$bill.$c26 cm.
=310  \\$aBimonthly,$b1990-
=321  \\$aQuarterly,$b1977-89
=336  \\$atext$2rdacontent
=337  \\$aunmediated$2rdamedia
=338  \\$avolume$2rdacarrier
=362  0\$av. 1-
=500  \\$aPublished: New York, N.Y. : Kluwer Academic/Plenum Publishers, <2000->
=540  \\$aCurrent Copyright Fee: GBP29.95$c0$5Uk
=550  \\$a"Published with the assistance of students at the University of Virginia Law School and in cooperation with the American Psychology-Law Society."
=650  \0$aLaw$zUnited States$vPeriodicals.
=650  \0$aLaw$xPsychological aspects$vPeriodicals.
=710  2\$aUniversity of Virginia.$bSchool of Law.
=710  2\$aAmerican Psychology-Law Society.
=852  41$aBritish Library$bDSC$j5161.352500$3Vol. 1, no. 1 (1977)-v. 34, no. 6 (2010)***UKRR Retained Title
=945  \\$aLAW AND HUMAN BEHAVIOR.
=959  \\$fHeld but not currently received
=963  \\$aCA/U37 1977- *A=1$bN
=985  \\$aRecord enhanced by DQ team
=A02  \\$a2098874
=ACF  \\$aPrevious copyright fee: GBP22.00$c4\4$e01-apr-2009$fGBP22.00$g0$hP$5Uk
=ACF  \\$aPrevious copyright fee: GBP21.25$c4\4$e01-jan-2009$fGBP21.25$g0$hP$5Uk
=ACF  \\$aPrevious copyright fee: GBP16.75$c4\4$e01-jan-2007$fGBP16.75$g0$hP$5Uk
=ACF  \\$aPrevious copyright fee: GBP16.22$c4\4$e01-oct-2006$fGBP16.22$g0$hP$5Uk
=ACF  \\$aPrevious copyright fee: GBP17.14$c4\4$e01-apr-2006$fGBP17.14$g0$hP$5Uk
=ACF  \\$aPrevious copyright fee: GBP16.67$c4\4$e01-jan-2006$fGBP16.67$g0$hP$5Uk
=ACF  \\$aPrevious copyright fee: GBP16.22$c4\4$e01-apr-2005$fGBP16.22$g0$hP$5Uk
=ACF  \\$aPrevious copyright fee: GBP16.67$c4\4$e01-jan-2005$fGBP16.67$g0$hP$5Uk
=ACF  \\$aPrevious copyright fee: GBP13.51$c4\4$e01-apr-2004$fGBP13.51$g0$hP$5Uk
=ACF  \\$aCurrent copyright fee: GBP14.71$c4\4$e01-jan-2004$fGBP14.71$g0$hP$5Uk
=ACF  \\$aCurrent copyright fee: GBP15.63$c4\4$e01-jan-2003$fGBP15.63$g0$hP$5Uk
=ACF  \\$aPrevious copyright fee: GBP22.00$c0$e28-aug-2012$fGBP22.00$g0$hC$5Uk
=ACF  \\$aPrevious Copyright Fee: GBP22.00$c0$e01-oct-2012$fGBP22.00$g0$hC$5Uk
=ACF  \\$aPrevious Copyright Fee: GBP29.95$c0$e01-jan-2013$fGBP29.95$g0$hC$5Uk
=CAT  \\$aCONV$b00$c20040425$lBLL90$h0705
=CAT  \\$aBATCH$b00$c20090101$lBLL01$h0204
=CAT  \\$aBATCH-UPD$b00$c20090319$lBLL01$h1050
=CAT  \\$aBATCH-UPD$b00$c20090331$lBLL01$h2250
=CAT  \\$aBATCH-UPD$b00$c20090401$lBLL01$h0023
=CAT  \\$aBATCH$b00$c20090401$lBLL01$h0152
=CAT  \\$a8456$b40$c20091104$lBLL01$h1514
=CAT  \\$aBATCH$b00$c20091210$lBLL01$h0432
=CAT  \\$aBATCH$b00$c20091214$lBLL01$h0632
=CAT  \\$aBATCH$b00$c20091216$lBLL01$h0154
=CAT  \\$aCDS11-UPD$b40$c20101116$lBLL01$h1823
=CAT  \\$aBATCH-UPD$b40$c20120812$lBLL01$h1904
=CAT  \\$aIPL-CLA$c20120812$lBLL01$h2026
=CAT  \\$a7233$b40$c20120828$lBLL01$h1544
=CAT  \\$aBATCH-CLA$b00$c20120831$lBLL01$h1537
=CAT  \\$a7233$b40$c20120904$lBLL01$h1532
=CAT  \\$aIPL-CLA$c20120930$lBLL01$h2053
=CAT  \\$aBATCH-CLA$b00$c20121107$lBLL01$h1909
=CAT  \\$aBATCH-CLA$b00$c20121130$lBLL01$h1243
=CAT  \\$aWR12_168$c20121206$lBLL01$h1812
=CAT  \\$aIPL-CLA$c20121231$lBLL01$h1301
=CAT  \\$aIPL-CLA$c20130102$lBLL01$h1713
=CAT  \\$a12654$b40$c20130109$lBLL01$h1239
=CAT  \\$aWR13.005$c20130323$lBLL01$h1417
=CAT  \\$aBATCH-CLA$b00$c20221130$lBLL01$h1423
=CAT  \\$aIPL-CLA$c20221231$lBLL01$h1441
=CAT  \\$aBATCH-CLA$b00$c20230209$lBLL01$h1511
=CAT  \\$aIPL-CLA$c20230209$lBLL01$h2334
=CFI  0\$aCurrent Copyright Fee: GBP29.95$c0$e09-feb-2023$fGBP29.95$g0$hC$5Uk
=CFI  2\$aBritish Library not licensed to copy$c0$e01-jan-2023$hC$iCFP Excluded$5Uk
=EST  \\$a2
=FIN  \\$aY
=FMT  \\$a  SE
=LAS  \\$aIPL-CLA$b00$c20230209$lBLL01$h2334
=LEO  \\$aMP10.0000340251
=SRC  \\$aDSS01$bbibmp10.200404.2.aa
=TCO  \\$aTRS$bCCC$c008
=TOC  \\$aETOC

