=LDR  04733cas a2201057 a 4500
=001  011120330
=003  Uk
=005  20230209233448.0
=007  ta
=008  040409c19889999xxuqr\p\\\\\\\0\\\a0eng\\
=019  c\$a2373176
=022  0\$a0897-6546
=040  \\$aUk$cUk$dUk
=082  04$a340.115$222
=222  \0$aLaw & social inquiry
=245  00$aLaw & social inquiry :$bjournal of the American Bar Foundation.
=246  30$aLaw and social inquiry
=260  \\$a[Chicago, IL] :$bThe Foundation,$c[c1988-
=260  3\$3<1996- >:$a[Chicago] :$bUniversity of Chicago Press
=300  \\$av. ;$c26 cm.
=310  \\$aQuarterly
=336  \\$atext$2rdacontent
=337  \\$aunmediated$2rdamedia
=338  \\$avolume$2rdacarrier
=540  \\$aCurrent Copyright Fee: GBP22.50$c0$5Uk
=595  \\$aFORMERLY 0810.74 CHANGE BETWEEN 1986(4) AND VOL. 13, 1988 SEE ALSO ULASP FOR OTHER LOCATIONS.
=650  \0$aSociological jurisprudence$vPeriodicals.
=710  2\$aAmerican Bar Foundation.
=776  08$iAlso issued online as:$tLaw & social inquiry$x1747-4469
=780  00$tAmerican Bar Foundation research journal$x0361-9486
=852  41$aBritish Library$bDSC$j5161.364300$3Vol. 13 (1988)-v. 38, no. 4 (2013)***UKRR Retained Title
=945  \\$aLAW AND SOCIAL INQUIRY.
=959  \\$fHeld but not currently received
=963  \\$aCA/U13 VOL. 13, 1988- *A=1$bN
=985  \\$aCorrected by MS generated file for WR# 12.018
=A02  \\$a2373176
=ACF  \\$aPrevious Copyright Fee: GBP16.00$c10\0$e01-jan-2006$fGBP16.00$g0$hP$5Uk
=ACF  \\$aBritish Library not licensed to copy$c0$e01-oct-2005$hC$iCLA Excluded$5Uk
=ACF  \\$aBritish Library not licensed to copy$c0$e01-jul-2005$hC$iCLA Excluded$5Uk
=ACF  \\$aBritish Library not licensed to copy$c0$e01-apr-2005$hC$iCLA Excluded$5Uk
=ACF  \\$aBritish Library not licensed to copy$c0$e01-jan-2005$hC$iCLA Excluded$5Uk
=ACF  \\$aBritish Library not licensed to copy$c0$e01-oct-2004$hC$iCLA Excluded$5Uk
=ACF  \\$aBritish Library not licensed to copy$c0$e24-may-2002$g0$hC$iCLA-excluded$5Uk
=ACF  \\$aCurrent copyright fee: GBP2.50$c0$e01-jul-1998$fGBP2.50$g0$hC$5Uk
=ACF  \\$aCurrent copyright fee: GBP0.61$c0$e01-apr-1998$fGBP0.61$g0$hC$5Uk
=ACF  \\$aPrevious copyright fee: GBP17.00$c10\0$e01-jan-2009$fGBP17.00$g0$hP$5Uk
=ACF  \\$aPrevious copyright fee: GBP22.00$c10\0$e01-jan-2011$fGBP22.00$g0$hP$5Uk
=ACF  \\$aPrevious copyright fee: GBP24.00$c10\0$e01-mar-2015$fGBP24.00$g0$hP$5Uk
=ACF  \\$aPrevious copyright fee: GBP24.00$c35\0$e07-mar-2017$fGBP24.00$g0$hP$5Uk
=ACF  \\$aPrevious copyright fee: GBP25.00$c43\0$e01-jan-2019$fGBP25.00$g0$hP$5Uk
=ACF  \\$aPrevious Copyright Fee: GBP17.50$c0$e01-apr-2019$fGBP17.50$g0$hA$5Uk
=ACF  \\$aPrevious Copyright Fee: GBP10.00$c0$e01-jul-2019$fGBP10.00$g0$hC$5Uk
=ACF  \\$aPrevious Copyright Fee: GBP22.50$c0$e01-apr-2021$fGBP22.50$g0$hC$5Uk
=CAT  \\$aCONV$b00$c20040425$lBLL90$h0705
=CAT  \\$aWR13.005$c20130323$lBLL01$h1417
=CAT  \\$a8483$b40$c20130605$lBLL01$h1210
=CAT  \\$a11316$b40$c20130620$lBLL01$h0944
=CAT  \\$aBLDSS-3PM$b00$c20141214$lBLL01$h1520
=CAT  \\$aBATCH-UPD$b00$c20150215$lBLL01$h1621
=CAT  \\$aIPL-CLA$c20150228$lBLL01$h2045
=CAT  \\$aBATCH-UPD$b00$c20160413$lBLL01$h1812
=CAT  \\$aBATCH-UPD$b00$c20170304$lBLL01$h1107
=CAT  \\$aW1703-0316$c20170306$lBLL01$h1823
=CAT  \\$aW1703-0316$c20170307$lBLL01$h1646
=CAT  \\$aIPL-CLA$c20170307$lBLL01$h1823
=CAT  \\$aBATCH-UPD$b00$c20180219$lBLL01$h1743
=CAT  \\$aBATCH-UPD$b00$c20181121$lBLL01$h1619
=CAT  \\$a5552$b40$c20181128$lBLL01$h1139
=CAT  \\$aIPL-CLA$c20181231$lBLL01$h1537
=CAT  \\$aW1902-1304$c20190314$lBLL01$h1238
=CAT  \\$aBATCH-UPD$b00$c20190314$lBLL01$h1617
=CAT  \\$aIPL-CLA$c20190331$lBLL01$h1724
=CAT  \\$aDEL-3PM$c20190409$lBLL01$h0904
=CAT  \\$aBATCH-CLA$b00$c20190531$lBLL01$h1623
=CAT  \\$aIPL-CLA$c20190630$lBLL01$h1529
=CAT  \\$aBATCH-CLA$b00$c20210227$lBLL01$h1009
=CAT  \\$aIPL-CLA$c20210331$lBLL01$h1658
=CAT  \\$aBATCH-CLA$b00$c20221130$lBLL01$h1432
=CAT  \\$aIPL-CLA$c20221231$lBLL01$h1441
=CAT  \\$aBATCH-CLA$b00$c20230209$lBLL01$h1520
=CAT  \\$aIPL-CLA$c20230209$lBLL01$h2334
=CFI  0\$aCurrent Copyright Fee: GBP22.50$c0$e09-feb-2023$fGBP22.50$g0$hC$5Uk
=CFI  2\$aBritish Library not licensed to copy$c0$e01-jan-2023$hC$iCFP Excluded$5Uk
=EST  \\$a2
=FIN  \\$aY
=FMT  \\$a  SE
=LAS  \\$aIPL-CLA$b00$c20230209$lBLL01$h2334
=LEO  \\$aMP10.0000340285
=SRC  \\$aDSS01$bbibmp10.200404.2.aa
=TCO  \\$aTRS$bCCC$c008
=TOC  \\$aETOC

