=LDR  05384cas a2201249 a 4500
=001  011649430
=003  Uk
=005  20230209233514.0
=006  aa\\\|||||||||||||
=007  ta
=008  020107d20012008enkqr\p\\\\\\\0\\\a0eng\\
=015  \\$aGBA137666$2bnb
=019  y\$abA137666
=019  9\$abA137666
=019  0\$as667948007
=019  c\$a2604936
=022  0\$a1472-9288$202
=039  0\$a2648
=040  \\$aUk$cUk$dUk
=082  04$a612.8262$221
=084  \\$aFC 78$2blsrissc
=210  0\$aThalamus relat. syst.
=222  \0$aThalamus & related systems
=245  00$aThalamus & related systems.
=246  3\$aThalamus and related systems
=260  \\$aAmsterdam ;$aLondon :$bElsevier,$c2001-2008.
=300  \\$av. :$bill. ;$c30 cm.
=310  \\$aQuarterly
=336  \\$atext$2rdacontent
=337  \\$aunmediated$2rdamedia
=338  \\$avolume$2rdacarrier
=362  0\$aVol. 1, issue 1 (Mar. 2001)-v. 4, no. 1 (2008).
=540  \\$aCurrent Copyright Fee: GBP15.00$c0$5Uk
=650  \0$aThalamus$vPeriodicals.
=776  0\$tThalamus & related systems$c(Online)$x1744-8107
=852  41$aBritish Library$bSTI$j(P) FC 78 -E(6)$3ESTAR 2001
=852  41$aBritish Library$bDSC$j8814.142000$3Volume 1 (2001)-v. 4 (2008)
=852  41$aBritish Library$bHMNTS$jDZK.9.x.516
=945  \\$aTHALAMUS AND RELATED SYSTEMS
=959  \\$fHeld but not currently received
=ACF  \\$aPrevious Copyright Fee: GBP15.00$c0$e01-apr-2012$fGBP15.00$g0$hC$5Uk
=ACF  \\$aPrevious Copyright Fee: GBP15.00$c0$e01-jan-2012$fGBP15.00$g0$hC$5Uk
=ACF  \\$aPrevious Copyright Fee: GBP15.00$c0$e01-oct-2011$fGBP15.00$g0$hC$5Uk
=ACF  \\$aPrevious Copyright Fee: GBP15.00$c0$e01-jul-2011$fGBP15.00$g0$hC$5Uk
=ACF  \\$aPrevious Copyright Fee: GBP15.00$c0$e01-apr-2011$fGBP15.00$g0$hC$5Uk
=ACF  \\$aPrevious Copyright Fee: GBP15.00$c0$e01-jan-2011$fGBP15.00$g0$hC$5Uk
=ACF  \\$aPrevious Copyright Fee: GBP15.00$c0$e01-oct-2010$fGBP15.00$g0$hC$5Uk
=ACF  \\$aPrevious Copyright Fee: GBP15.00$c0$e01-jul-2010$fGBP15.00$g0$hC$5Uk
=ACF  \\$aPrevious Copyright Fee: GBP15.00$c0$e01-apr-2010$fGBP15.00$g0$hC$5Uk
=ACF  \\$aPrevious Copyright Fee: GBP15.00$c0$e01-Jan-2010$fGBP15.00$g0$hC$5Uk
=ACF  \\$aPrevious Copyright Fee: GBP15.00$c0$e01-oct-2009$fGBP15.00$g0$hC$5Uk
=ACF  \\$aPrevious Copyright Fee: GBP15.00$c0$e01-jul-2009$fGBP15.00$g0$hC$5Uk
=ACF  \\$aPrevious Copyright Fee: GBP15.00$c0$e01-apr-2009$fGBP15.00$g0$hC$5Uk
=ACF  \\$aPrevious Copyright Fee: GBP15.00$c0$e01-jan-2009$fGBP15.00$g0$hC$5Uk
=ACF  \\$aPrevious Copyright Fee: GBP15.00$c0$e13-oct-2008$fGBP15.00$g0$hC$5Uk
=ACF  \\$aBritish Library not licensed to copy$c0$e01-oct-2008$hC$iCLA Excluded$5Uk
=ACF  \\$aPrevious Copyright Fee: GBP15.00$c0$e01-apr-2008$fGBP15.00$g0$hC$5Uk
=ACF  \\$aPrevious Copyright Fee: GBP15.00$c0$e01-jul-2006$fGBP15.00$g0$hC$5Uk
=ACF  \\$aPrevious Copyright Fee: GBP18.00$c0$e01-jan-2005$fGBP18.00$g0$hC$5Uk
=ACF  \\$aPrevious Copyright Fee: GBP20.00$c0$e01-oct-2004$fGBP20.00$g0$hC$5Uk
=ACF  \\$aPrevious Copyright Fee: GBP15.00$c0$e01-jul-2012$fGBP15.00$g0$hC$5Uk
=ACF  \\$aPrevious Copyright Fee: GBP15.00$c0$e01-oct-2012$fGBP15.00$g0$hC$5Uk
=CAT  \\$aCONV$b00$c20040425$lBLL90$h0615
=CAT  \\$aBATCH-UPD$b40$c20100630$lBLL01$h1957
=CAT  \\$aIPL-CLA$c20100630$lBLL01$h2024
=CAT  \\$aBATCH-CLA$b00$c20100831$lBLL01$h1543
=CAT  \\$aIPL-CLA$c20100930$lBLL01$h1517
=CAT  \\$aBATCH-CLA$b00$c20101115$lBLL01$h1615
=CAT  \\$aIPL-CLA$c20101231$lBLL01$h1426
=CAT  \\$aBATCH-CLA$b00$c20110228$lBLL01$h1548
=CAT  \\$aIPL-CLA$c20110331$lBLL01$h1455
=CAT  \\$aBATCH-CLA$b00$c20110531$lBLL01$h1645
=CAT  \\$aIPL-CLA$c20110630$lBLL01$h1535
=CAT  \\$aBATCH-CLA$b00$c20110831$lBLL01$h1807
=CAT  \\$aIPL-CLA$c20110930$lBLL01$h1538
=CAT  \\$aBATCH-CLA$b00$c20111130$lBLL01$h1222
=CAT  \\$aIPL-CLA$c20111230$lBLL01$h1930
=CAT  \\$aBATCH-CLA$b00$c20120229$lBLL01$h1634
=CAT  \\$aIPL-CLA$c20120330$lBLL01$h1425
=CAT  \\$aBATCH-CLA$b00$c20120531$lBLL01$h1700
=CAT  \\$aIPL-CLA$c20120629$lBLL01$h1023
=CAT  \\$aBATCH-CLA$b00$c20120831$lBLL01$h1542
=CAT  \\$aIPL-CLA$c20120930$lBLL01$h2102
=CAT  \\$aBATCH-CLA$b00$c20121108$lBLL01$h1736
=CAT  \\$aWR13.005$c20130322$lBLL01$h1955
=CAT  \\$aWR14_140$c20140905$lBLL01$h1752
=CAT  \\$aBATCH-CLA$b00$c20221130$lBLL01$h1428
=CAT  \\$aIPL-CLA$c20221231$lBLL01$h1442
=CAT  \\$aBATCH-CLA$b00$c20230209$lBLL01$h1516
=CAT  \\$aIPL-CLA$c20230209$lBLL01$h2335
=CFI  0\$aCurrent Copyright Fee: GBP15.00$c0$e09-feb-2023$fGBP15.00$g0$hC$5Uk
=CFI  2\$aBritish Library not licensed to copy$c0$e01-jan-2023$hC$iCFP Excluded$5Uk
=EST  \\$a2
=FIN  \\$aY
=FMT  \\$a  SE
=LAS  \\$aIPL-CLA$b00$c20230209$lBLL01$h2335
=LEO  \\$aMP10.0000575133
=LEO  \\$aMP5.0001466292
=LEO  \\$aMP22.0000065915
=LEO  \\$aMP25.0000348884
=LKR  \\$aPAR$b012960586$lBLL01$r776$mThalamus & related systems$nThalamus & related systems (Online)
=SRC  \\$aDSS01$bbibmp10.200404.2.aa
=SRC  \\$aBNB03$bbibmp5.200404.2.ac
=SRC  \\$aISN01$bbibmp22.200404.2.aa
=SRC  \\$aSRI01$bbibmp25.200404.2.aa
=TCO  \\$aCLA$bCLA$c008
=TOC  \\$aETOC

