=LDR  06735cas a2201453 a 4500
=001  011738163
=003  Uk
=005  20220930142541.0
=006  ac\\\|||||||||||||
=007  ta
=008  800124c19809999ne\br\p\\\\\\\0\\\a0eng\\
=015  \\$aGB8029378$2bnb
=019  c\$a2045254
=019  y\$aB8029378
=019  9\$ab8029378
=019  1\$ab8029378
=022  0\$a0143-6295
=040  \\$aUk$beng$cUk$dUk
=042  \\$aukblsr
=043  \\$ae-uke--
=082  04$a346.4206505$218
=130  0\$aBusiness law review (London, England)
=210  0\$aBus. law rev.$b(Lond.)
=222  \0$aBusiness law review$b(London)
=245  10$aBusiness law review.
=246  13$aBLR
=260  \\$aLondon :$bButterworth,$c[1980]-
=264  31$aAlphen aan den Rijn :$bKluwer Law International
=300  \\$av. :$bports. ;$c30 cm.
=310  \\$aBimonthly,$b2013-
=321  \\$aMonthly
=336  \\$atext$2rdacontent
=337  \\$aunmediated$2rdamedia
=338  \\$avolume$2rdacarrier
=362  0\$aVol. 1, no. 1 (Jan. 1980)-
=540  \\$aCurrent copyright fee: GBP20.83$c34\0$5Uk
=588  \\$aLatest issue consulted: volume 34, issue 5 (September/October 2013).
=595  \\$aSEE ALSO CARD INDEX.
=650  \0$aCommercial law$zEngland$vPeriodicals.
=852  41$aBritish Library$bDSC$j2934.122000$3Vol. 1, no. 1 (1980)-v. 35, no. 6 (2014)***UKRR Retained Title***Stock Incomplete
=852  41$aBritish Library$bHMNTS$jP.203/124$3Vol. 1, no. 1 (Jan. 1980)-
=945  \\$aBUSINESS LAW REVIEW -LONDON-.
=959  \\$fHeld but not currently received
=963  \\$aVOL. 1, 1980- *A=1$bY$cL250.B.223
=985  \\$aRecord merged by SUNCAT team
=985  \\$aISSN responsibility transferred to Netherlands ISSN Centre 28.1.14.
=ACF  \\$aPrevious copyright fee: GBP15.63$c34\0$e01-jul-2011$fGBP15.63$g0$hP$5Uk
=ACF  \\$aPrevious copyright fee: GBP16.13$c34\0$e01-jul-2010$fGBP16.13$g0$hP$5Uk
=ACF  \\$aPrevious copyright fee: GBP15.15$c34\0$e01-oct-2009$fGBP15.15$g0$hP$5Uk
=ACF  \\$aPrevious copyright fee: GBP17.86$c34\0$e01-apr-2009$fGBP17.86$g0$hP$5Uk
=ACF  \\$aPrevious copyright fee: GBP15.63$c34\0$e01-jan-2009$fGBP15.63$g0$hP$5Uk
=ACF  \\$aPrevious copyright fee: GBP12.50$c34\0$e01-jul-2007$fGBP12.50$g0$hP$5Uk
=ACF  \\$aPrevious copyright fee: GBP12.82$c34\0$e01-apr-2007$fGBP12.82$g0$hP$5Uk
=ACF  \\$aPrevious copyright fee: GBP13.52$c34\0$e01-oct-2006$fGBP13.52$g0$hP$5Uk
=ACF  \\$aPrevious copyright fee: GBP14.29$c34\0$e01-apr-2006$fGBP14.29$g0$hP$5Uk
=ACF  \\$aPrevious copyright fee: GBP13.89$c34\0$e01-jan-2006$fGBP13.89$g0$hP$5Uk
=ACF  \\$aPrevious copyright fee: GBP13.51$c34\0$e01-apr-2005$fGBP13.51$g0$hP$5Uk
=ACF  \\$aPrevious copyright fee: GBP13.89$c34\0$e01-jan-2005$fGBP13.89$g0$hP$5Uk
=ACF  \\$aPrevious copyright fee: GBP13.51$c34\0$e01-apr-2004$fGBP13.51$g0$hP$5Uk
=ACF  \\$aCurrent copyright fee: GBP14.71$c34\0$e01-jan-2004$fGBP14.71$g0$hP$5Uk
=ACF  \\$aCurrent copyright fee: GBP15.63$c34\0$e02-jan-2003$fGBP15.63$g0$hP$5Uk
=ACF  \\$aPrevious copyright fee: GBP16.13$c34\0$e01-jan-2012$fGBP16.13$g0$hP$5Uk
=ACF  \\$aPrevious copyright fee: GBP15.15$c34\0$e01-jul-2012$fGBP15.15$g0$hP$5Uk
=ACF  \\$aPrevious copyright fee: GBP15.63$c34\0$e01-jan-2013$fGBP15.63$g0$hP$5Uk
=ACF  \\$aPrevious copyright fee: GBP16.13$c34\0$e01-jul-2013$fGBP16.13$g0$hP$5Uk
=ACF  \\$aPrevious copyright fee: GBP15.63$c34\0$e01-jan-2014$fGBP15.63$g0$hP$5Uk
=ACF  \\$aPrevious copyright fee: GBP15.15$c34\0$e01-jul-2014$fGBP15.15$g0$hP$5Uk
=ACF  \\$aPrevious copyright fee: GBP16.13$c34\0$e01-apr-2015$fGBP16.13$g0$hP$5Uk
=ACF  \\$aPrevious copyright fee: GBP16.37$c34\0$e01-jul-2015$fGBP16.37$g0$hP$5Uk
=ACF  \\$aPrevious copyright fee: GBP16.13$c34\0$e01-oct-2015$fGBP16.13$g0$hP$5Uk
=ACF  \\$aPrevious copyright fee: GBP17.24$c34\0$e01-apr-2016$fGBP17.24$g0$hP$5Uk
=ACF  \\$aPrevious copyright fee: GBP18.52$c34\0$e01-oct-2016$fGBP18.52$g0$hP$5Uk
=ACF  \\$aPrevious copyright fee: GBP20.00$c34\0$e01-apr-2017$fGBP20.00$g0$hP$5Uk
=ACF  \\$aPrevious copyright fee: GBP19.23$c34\0$e01-oct-2017$fGBP19.23$g0$hP$5Uk
=ACF  \\$aPrevious copyright fee: GBP17.86$c34\0$e01-apr-2018$fGBP17.86$g0$hP$5Uk
=ACF  \\$aPrevious copyright fee: GBP19.23$c34\0$e01-oct-2018$fGBP19.23$g0$hP$5Uk
=ACF  \\$aPrevious copyright fee: GBP20.00$c34\0$e01-oct-2019$fGBP20.00$g0$hP$5Uk
=ACF  \\$aPrevious copyright fee: GBP19.23$c34\0$e01-apr-2020$fGBP19.23$g0$hP$5Uk
=ACF  \\$aPrevious copyright fee: GBP20.00$c34\0$e01-jul-2020$fGBP20.00$g0$hP$5Uk
=ACF  \\$aPrevious copyright fee: GBP18.52$c34\0$e01-apr-2021$fGBP18.52$g0$hP$5Uk
=ACF  \\$aPrevious copyright fee: GBP17.86$c34\0$e07-jul-2021$fGBP17.86$g0$hP$5Uk
=CAT  \\$aWR09-126
=CAT  \\$aBATCH-UPD$b00$c20160524$lBLL01$h2236
=CAT  \\$aBATCH-UPD$b00$c20160824$lBLL01$h1835
=CAT  \\$aIPL-CLA$c20160930$lBLL01$h1555
=CAT  \\$aBATCH-UPD$b00$c20170216$lBLL01$h1918
=CAT  \\$aIPL-CLA$c20170331$lBLL01$h1838
=CAT  \\$aBATCH-UPD$b00$c20170904$lBLL01$h1938
=CAT  \\$aIPL-CLA$c20170929$lBLL01$h1721
=CAT  \\$aBATCH-UPD$b00$c20180223$lBLL01$h1814
=CAT  \\$aIPL-CLA$c20180331$lBLL01$h1612
=CAT  \\$aBATCH-UPD$b00$c20180823$lBLL01$h1954
=CAT  \\$aIPL-CLA$c20180930$lBLL01$h1458
=CAT  \\$aBATCH-UPD$b00$c20190829$lBLL01$h1554
=CAT  \\$aIPL-CLA$c20190930$lBLL01$h1634
=CAT  \\$aBATCH-UPD$b00$c20200219$lBLL01$h1535
=CAT  \\$aIPL-CLA$c20200331$lBLL01$h1610
=CAT  \\$aBATCH-UPD$b00$c20200522$lBLL01$h1519
=CAT  \\$aIPL-CLA$c20200701$lBLL01$h0051
=CAT  \\$aBATCH-UPD$b00$c20210226$lBLL01$h1101
=CAT  \\$aIPL-CLA$c20210331$lBLL01$h1658
=CAT  \\$aBATCH-UPD$b00$c20210707$lBLL01$h1624
=CAT  \\$aIPL-CLA$c20210707$lBLL01$h1842
=CAT  \\$aBATCH-UPD$b00$c20220520$lBLL01$h1706
=CAT  \\$aIPL-CLA$c20220630$lBLL01$h1536
=CAT  \\$aBATCH-UPD$b00$c20220824$lBLL01$h0929
=CAT  \\$aIPL-CLA$c20220930$lBLL01$h1425
=CFI  0\$aCurrent copyright fee: GBP20.83$c34\0$e01-oct-2022$fGBP20.83$g0$hP$5Uk
=CFI  2\$aPrevious copyright fee: GBP20.00$c34\0$e01-jul-2022$fGBP20.00$g0$hP$5Uk
=EST  \\$a2
=FIN  \\$aY
=FMT  \\$a  SE
=LAS  \\$aIPL-CLA$b00$c20220930$lBLL01$h1425
=LEO  \\$aMP5.0000508610
=LEO  \\$aMP13.0000256871
=LEO  \\$aMP22.0000006694
=LEO  \\$aMP10.0000126105
=SRC  \\$aBNB03$bbibmp5.200404.2.aa
=SRC  \\$aHSS01$bbibmp13.200404.2.aa
=SRC  \\$aISN01$bbibmp22.200404.2.aa
=SRC  \\$aDSS01$bbibmp10.200404.2.aa
=TCO  \\$aCLA$bCLA$c008
=TOC  \\$aETOC
=UNO  \\$aY

