=LDR  05176cas a2201165 a 4500
=001  011746696
=003  Uk
=005  20230209233522.0
=007  ta
=008  040409c19509999enkqr\p\\\\\\\0\\\a0eng\\
=019  c\$a2048327
=019  x\$a2521920223
=022  0\$a0008-8994$y0012-2017
=040  \\$aUk$beng$cUk$dUk
=082  04$a610.9$222
=210  0\$aCentaurus$b(Cph.)
=222  \0$aCentaurus$b(Copenhagen)
=245  00$aCentaurus.
=260  \\$aCopenhagen :$bMunksgaard,$c1950-
=260  2\$3<2002>-Feb. 2009$a[Copenhagen] :$bBlackwell Munksgaard
=260  2\$3May 2009-$aOxford :$bWiley-Blackwell
=264  \1$aTurnhout :$bBrepols on behalf of the European Society for the History of Science
=300  \\$av. :$bill. ;$c27 cm.
=310  \\$aQuarterly
=336  \\$atext$2rdacontent
=337  \\$aunmediated$2rdamedia
=338  \\$avolume$2rdacarrier
=362  0\$aVol. 1, no. 1-
=500  \\$aLatest issue consulted: Vol. 48, no. 4 (2006).
=530  \\$aAlso issued online.
=540  \\$aCurrent Copyright Fee: GBP32.00$c0$5Uk
=588  \\$aLatest issue consulted: volume 64, issue 1/4 (2022).
=595  \\$aSEE ALSO SERIAL RECORDS KCC/MAN AND KCS-SE.
=650  \0$aScience$xHistory$vPeriodicals.
=710  2\$aEuropean Society for the History of Science,$eissuing body.
=776  1\$tCentaurus (Online)$x1600-0498
=852  41$aBritish Library$bHMNTS$jP.P.2948.$3Vol. 2 (1951)-v. 55, no. 1 (2013)***title now taken as electronic copy only
=852  41$aBritish Library$bDSC$j3104.000000$3Vol. 1, no. 1 (1950/51)-v. 51, no. 4 (2009);v. 1 (2022)-v. 64 (2022)***UKRR Retained Title
=945  \\$aCentaurus
=959  \\$fHeld but not currently received
=963  \\$aVOL. 1, 1950- *A=1$bY$cP340:1.B.196
=964  \\$aVOL. 1, 1950- *A=1$c93$dO$eJC293
=985  \\$aResponsibility for ISSN taken by ISSN UK from ISSN Denmark, 18.05.07.
=985  \\$aISSN responsibility transferred to U.S. ISSN Center from ISSN UK Centre, Wiley, Multinational Publisher List, Summer 2017
=985  \\$aDue to switch to Tech Science Press from 2022. Nothing published at 24/03/22. Will check again later in 2022 (Richard, 24/03/22)
=A02  \\$a2048327
=ACF  \\$aPrevious copyright fee: GBP16.00$c10\0$e01-jan-2006$fGBP16.00$g0$hP$5Uk
=ACF  \\$aPrevious copyright fee: GBP15.00$c10\0$e01-apr-2004$fGBP15.00$g0$hP$5Uk
=ACF  \\$aCurrent copyright fee: GBP13.00$c10\0$e01-apr-2003$fGBP13.00$g0$hP$5Uk
=ACF  \\$aCurrent copyright fee: GBP13.00$c10\5$e01-jan-2002$fGBP13.00$g0$hP$5Uk
=ACF  \\$aPrevious copyright fee: GBP17.00$c10\0$e01-jan-2009$fGBP17.00$g0$hP$5Uk
=ACF  \\$aPrevious copyright fee: GBP22.00$c10\0$e01-jan-2011$fGBP22.00$g0$hP$5Uk
=ACF  \\$aPrevious copyright fee: GBP24.00$c10\0$e01-mar-2015$fGBP24.00$g0$hP$5Uk
=ACF  \\$aPrevious copyright fee: GBP24.00$c35\0$e07-mar-2017$fGBP24.00$g0$hP$5Uk
=ACF  \\$aPrevious copyright fee: GBP28.00$c35\0$e01-jan-2019$fGBP28.00$g0$hP$5Uk
=ACF  \\$aPrevious Copyright Fee: GBP32.00$c35\0$e01-jan-2020$fGBP32.00$g0$hP$5Uk
=ACF  \\$aPrevious Copyright Fee: GBP22.50$c0$e01-jan-2022$fGBP22.50$g0$hA$5Uk
=ACF  \\$aPrevious Copyright Fee: GBP32.00$c0$e01-apr-2022$fGBP32.00$g0$hC$5Uk
=CAT  \\$aCONV$b00$c20040425$lBLL90$h0700
=CAT  \\$aIPL-CLA$c20150228$lBLL01$h2045
=CAT  \\$aBATCH-UPD$b00$c20160413$lBLL01$h1813
=CAT  \\$aBATCH-UPD$b00$c20170304$lBLL01$h1111
=CAT  \\$aW1703-0316$c20170306$lBLL01$h1823
=CAT  \\$aW1703-0316$c20170307$lBLL01$h1646
=CAT  \\$aIPL-CLA$c20170307$lBLL01$h1823
=CAT  \\$a10806$b40$c20170720$lBLL01$h0915
=CAT  \\$aBATCH-UPD$b40$c20180219$lBLL01$h1743
=CAT  \\$aBATCH-UPD$b40$c20181121$lBLL01$h1620
=CAT  \\$aIPL-CLA$c20181231$lBLL01$h1538
=CAT  \\$aR1911-0245$c20191127$lBLL01$h0822
=CAT  \\$aR1911-0245$c20191127$lBLL01$h1044
=CAT  \\$aIPL-CLA$c20191231$lBLL01$h1858
=CAT  \\$a12654$b40$c20211026$lBLL01$h1105
=CAT  \\$a12654$b40$c20211027$lBLL01$h1032
=CAT  \\$aIPL-CLA$c20211231$lBLL01$h1540
=CAT  \\$aDEL-3PM$c20220105$lBLL01$h1525
=CAT  \\$a6558$b40$c20220125$lBLL01$h0943
=CAT  \\$aBATCH-CLA$b00$c20220304$lBLL01$h1533
=CAT  \\$a10806$b40$c20220324$lBLL01$h0900
=CAT  \\$aIPL-CLA$c20220331$lBLL01$h1951
=CAT  \\$a6558$b40$c20220628$lBLL01$h1040
=CAT  \\$a8483$b40$c20220629$lBLL01$h0856
=CAT  \\$aBATCH-CLA$b00$c20221130$lBLL01$h1447
=CAT  \\$aIPL-CLA$c20221231$lBLL01$h1442
=CAT  \\$aBATCH-CLA$b00$c20230209$lBLL01$h1534
=CAT  \\$aIPL-CLA$c20230209$lBLL01$h2335
=CFI  0\$aCurrent Copyright Fee: GBP32.00$c0$e09-feb-2023$fGBP32.00$g0$hC$5Uk
=CFI  2\$aBritish Library not licensed to copy$c0$e01-jan-2023$hC$iCFP Excluded$5Uk
=EST  \\$a2
=FIN  \\$aY
=FMT  \\$a  SE
=LAS  \\$aIPL-CLA$b00$c20230209$lBLL01$h2335
=LEO  \\$aMP1.0003016587
=LEO  \\$aMP10.0000138039
=LKR  \\$aPAR$b013177562$lBLL01$r776$mCentaurus (Print)$nCentaurus (Online)
=SRC  \\$aBLS01$bbibmp1.200404.2.ad
=SRC  \\$aDSS01$bbibmp10.200404.2.aa
=TCO  \\$aCLA$bCLA$c008
=TOC  \\$aETOC
=UNO  \\$aY

