=LDR  06473cas a2201309 a 4500
=001  011779516
=003  Uk
=005  20230809131211.0
=007  ta
=008  040410c19169999gw\mr\p\\\\\\\0\\\b0ger\\
=019  x\$a1740930029
=019  x\$a1382840063
=019  c\$a2177821
=022  \\$a0043-6275
=040  \\$aUk$cUk
=082  04$a330.9005$223
=130  0\$aWirtschaftsdienst (Hamburg, Germany)
=210  0\$aWirtschaftsdienst$b(Hambg.)
=222  \0$aWirtschaftsdienst$b(Hamburg)
=245  10$aWirtschaftsdienst /$cherausgegeben vom Hamburgischen Welt-Wirtschafts-Archiv unter Mitarbeit des Institutes für Weltwirtschaft an der Universität Kiel.
=260  \\$aHamburg :$bVerlag Weltarchiv
=300  \\$av. :$bill. ;$c29 cm.
=310  \\$aMonthly
=336  \\$atext$2rdacontent
=337  \\$aunmediated$2rdamedia
=338  \\$avolume$2rdacarrier
=362  1\$aBegan with 1. Jahrg. in Aug. 1916.
=540  \\$aCurrent copyright fee: zero$c0$5Uk
=650  \0$aEconomics$vPeriodicals.
=650  \0$aInternational economic relations$vPeriodicals.
=650  \0$aEconomic policy$vPeriodicals.
=690  7\$aManagement and Business Studies$2blcoll
=710  2\$aHamburgisches Welt-Wirtschafts-Archiv.
=710  2\$aHamburgisches Kolonialinstitut.$bZentralstelle.
=710  2\$aUniversität Kiel.$bInstitut für Weltwirtschaft.
=710  2\$aHWWA-Institut für Wirtschaftsforschung-Hamburg.
=776  0\$tWirtschaftsdienst (Hamburg, Germany : 1949 : Online)$x1613-978X
=780  15$tWeltwirtschaftliche Nachrichten$gJan. 1923
=852  41$aBritish Library$bHMNTS$jAc.2324.b.$3Jahrg. 2-Jahrg. 4, no. 32; Jahrg. 12. no. 43-Jahrg. 28. no. 16; Jahrg. 30-Jahrg. 35. Hft. 3; Jahrg. 43. no. 1-Jahrg. 45. no. 6; Jahrg. 57. no. 1-12. 8 Jan. 1917-8 Aug. 1919; 28 Oct. 1927-30 Apr. 1943; Jan. 1950-Aug. 1955; Jan. 1963-Juni 1965; Jan.-Dez. 1977 ; Wanting Jahrg. 2. no. 3; Jahrg. 3. no. 12, 29, 39, 45-47; Jahrg. 4, no. 4; Jahrg. 12. no. 1-42, 44-46, 49; Jahrg. 14. no. 13; Jahrg. 15. no. 3, 7; Jahrg. 18. no. 33, 36; Jahrg. 20. no. 8.***UKRR Retained Title
=852  41$aBritish Library$bDSC$j9325.550000$3Jahrg. 15, heft 7 (1930)-jahrg. 90, heft 12 (2010)***UKRR Retained Title***Stock Incomplete
=945  \\$aWIRTSCHAFTSDIENST -HAMBURG-
=959  \\$fHeld but not currently received
=963  \\$aVOL. 10//NO. 19, 1925- 18//52, 1933 *A=1; 29, 1949- *A=1$bY$cL220.B.5
=A02  \\$a2177821
=ACF  \\$aPrevious copyright fee: GBP16.67$c22\3$e01-jan-2006$fGBP16.67$g0$hP$5Uk
=ACF  \\$aPrevious copyright fee: GBP16.22$c22\3$e01-apr-2005$fGBP16.22$g0$hP$5Uk
=ACF  \\$aPrevious copyright fee: GBP16.67$c22\3$e01-jan-2005$fGBP16.67$g0$hP$5Uk
=ACF  \\$aPrevious Copyright Fee: GBP4.32$c0$e01-oct-2004$fGBP4.32$g0$hC$5Uk
=ACF  \\$aPrevious copyright fee: GBP4.32$c0$e01-apr-2004$fGBP4.32$g0$hC$5Uk
=ACF  \\$aCurrent copyright fee: GBP4.71$c0$e01-jan-2004$fGBP4.71$g0$hC$5Uk
=ACF  \\$aCurrent copyright fee: GBP5.00$c0$e01-jan-2003$fGBP5.00$g0$hC$5Uk
=ACF  \\$aPrevious copyright fee: GBP17.14$c22\3$e01-apr-2006$fGBP17.14$g0$hP$5Uk
=ACF  \\$aPrevious copyright fee: GBP22.00$c22\3$e12-aug-2012$fGBP22.00$g0$hP$5Uk
=ACF  \\$aPrevious copyright fee: GBP25.00$c22\3$e01-jan-2013$fGBP25.00$g0$hP$5Uk
=ACF  \\$aPrevious copyright fee: GBP25.77$c22\3$e01-jul-2013$fGBP25.77$g0$hP$5Uk
=ACF  \\$aPrevious copyright fee: GBP24.97$c22\3$e01-jan-2014$fGBP24.97$g0$hP$5Uk
=ACF  \\$aPrevious copyright fee: GBP24.21$c22\3$e01-jul-2014$fGBP24.21$g0$hP$5Uk
=ACF  \\$aPrevious copyright fee: GBP25.77$c22\3$e01-apr-2015$fGBP25.77$g0$hP$5Uk
=ACF  \\$aPrevious copyright fee: GBP26.63$c22\3$e01-jul-2015$fGBP26.63$g0$hP$5Uk
=ACF  \\$aPrevious copyright fee: GBP25.77$c22\3$e01-oct-2015$fGBP25.77$g0$hP$5Uk
=ACF  \\$aPrevious copyright fee: GBP27.55$c22\3$e01-apr-2016$fGBP27.55$g0$hP$5Uk
=ACF  \\$aPrevious copyright fee: GBP29.59$c22\3$e01-oct-2016$fGBP29.59$g0$hP$5Uk
=ACF  \\$aPrevious copyright fee: GBP31.96$c22\3$e01-apr-2017$fGBP31.96$g0$hP$5Uk
=ACF  \\$aPrevious copyright fee: GBP30.73$c22\3$e01-oct-2017$fGBP30.73$g0$hP$5Uk
=ACF  \\$aPrevious copyright fee: zero$c22\1$e06-jul-2021$fGBP0.00$g0$hP$5Uk
=ACF  \\$aPrevious copyright fee: GBP34.00$c22\1$e01-jul-2018$fGBP34.00$g0$hP$5Uk
=ACF  \\$aPrevious copyright fee: GBP28.54$c22\3$e01-apr-2018$fGBP28.54$g0$hP$5Uk
=CAT  \\$aCONV$b00$c20040425$lBLL90$h0712
=CAT  \\$aBATCH-UPD$b00$c20150820$lBLL01$h1836
=CAT  \\$aIPL-CLA$c20150930$lBLL01$h1757
=CAT  \\$aBATCH-UPD$b00$c20160217$lBLL01$h1726
=CAT  \\$aIPL-CLA$c20160331$lBLL01$h1717
=CAT  \\$aBATCH-UPD$b00$c20160413$lBLL01$h1814
=CAT  \\$aBATCH-UPD$b00$c20160524$lBLL01$h2208
=CAT  \\$aBATCH-UPD$b00$c20160525$lBLL01$h0008
=CAT  \\$aBATCH-UPD$b00$c20160824$lBLL01$h1754
=CAT  \\$aIPL-CLA$c20160930$lBLL01$h1556
=CAT  \\$a8874$b40$c20170105$lBLL01$h1405
=CAT  \\$aBATCH-UPD$b40$c20170205$lBLL01$h2143
=CAT  \\$aBATCH-UPD$b40$c20170216$lBLL01$h1842
=CAT  \\$aIPL-CLA$c20170331$lBLL01$h1838
=CAT  \\$aBATCH-UPD$b00$c20170904$lBLL01$h1851
=CAT  \\$aIPL-CLA$c20170929$lBLL01$h1722
=CAT  \\$aBATCH-UPD$b00$c20180223$lBLL01$h1719
=CAT  \\$aIPL-CLA$c20180331$lBLL01$h1612
=CAT  \\$aBATCH-UPD$b00$c20180524$lBLL01$h1713
=CAT  \\$aIPL-CLA$c20180630$lBLL01$h1913
=CAT  \\$a5552$b40$c20210706$lBLL01$h1400
=CAT  \\$a8055$b40$c20230104$lBLL01$h1513
=CAT  \\$aDEL-3PM$c20230116$lBLL01$h0957
=CAT  \\$a12654$b40$c20230209$lBLL01$h0921
=CAT  \\$aBATCH-CLA$b00$c20230209$lBLL01$h1541
=CAT  \\$aIPL-CLA$c20230209$lBLL01$h2335
=CAT  \\$a8055$b40$c20230809$lBLL01$h1058
=CAT  \\$a8055$b40$c20230809$lBLL01$h1312
=CFI  0\$aCurrent copyright fee: zero$c0$e09-Aug-2023$fGBP0.00$g0$hZ$5Uk
=CFI  2\$aBritish Library not licensed to copy$c0$e09-feb-2023$hC$iCFP Excluded$5Uk
=CFI  2\$aPrevious copyright fee: zero$c0$e04-jan-2023$fGBP0.00$g0$hC$5Uk
=EST  \\$a2
=FIN  \\$aY
=FMT  \\$a  SE
=LAS  \\$a8055$b40$c20230809$lBLL01$h1312
=LEO  \\$aMP10.0000612624
=LEO  \\$aMP1.0002079110
=LEO  \\$aMP1.0001663884
=SID  \\$aZ39$bLOC
=SRC  \\$aBLS01$bbibmp1.200404.2.ab
=SRC  \\$aBLS01$bbibmp1.200404.2.ac
=SRC  \\$aDSS01$bbibmp10.200404.2.aa
=TCO  \\$aDEU$bVG WORT$c008
=TOC  \\$aETOC
=UNO  \\$aY

