=LDR  07079cas a2201477 a 4500
=001  011784412
=003  Uk
=005  20220930142552.0
=007  ta
=008  040410d1994201une\br\p\\\\\\\0\\\a0eng\\
=015  \\$aGB9946974$2bnb
=019  c\$a2532471
=019  y\$ab9946974
=019  9\$ab9946974
=019  1\$ab9946974
=022  \\$a1022-6583
=039  0\$a2547
=040  \\$aUk$cUk$dUk
=082  04$a341.754$221
=222  \0$aWorld trade and arbitration materials
=245  00$aWorld trade and arbitration materials.
=246  3\$aWorld trade & arbitration materials
=260  \\$aThe Hague ;$aLondon :$bKluwer Law International ;$aGeneva :$bWerner,$c1994-
=260  2\$aThe Hague ;$aLondon :$bKluwer Law International
=260  3\$a[Alphen aan den Rijn] :$bKluwer Law International
=300  \\$av. ;$c25 cm.
=310  \\$aBimonthly
=336  \\$atext$2rdacontent
=337  \\$aunmediated$2rdamedia
=338  \\$avolume$2rdacarrier
=362  0\$aVol. 6, no. 1 (Jan. 1994)-
=362  1\$aCeased in 2012?
=540  \\$aCurrent copyright fee: GBP20.83$c34\0$5Uk
=588  \\$aDescription based on: Vol. 10, no. 1 (Jan. 1998).
=595  \\$aSEE ALSO CARD INDEX.
=650  \0$aForeign trade regulation$vPeriodicals.
=650  \0$aTariff$xLaw and legislation$vPeriodicals.
=650  \0$aCommercial policy$vPeriodicals.
=650  \0$aArbitration and award, International$vCases.
=650  \0$aArbitration, International$vCases.
=780  04$tWorld trade materials$x1013-4514
=780  04$tWorld arbitration materials$x1013-7432
=852  41$aBritish Library$bHMNTS$jZC.9.a.5050$3Vol. 6, no. 1 (1994)-v. 24, issue 1 (2012). v.32,issue 1(2020:Feb.)-
=852  41$aBritish Library$bDSC$j9360.151900$3Volume 12 (2000)-v. 14, no. 6 (2002)
=945  \\$aWORLD TRADE AND ARBITRATION MATERIALS
=959  \\$fHeld but not currently received
=963  \\$aCA/U13 VOL. 10, 1998-$bN
=985  \\$aRecord merged by SUNCAT team
=A02  \\$a2532471
=ACF  \\$aPrevious copyright fee: GBP15.63$c34\0$e01-jul-2011$fGBP15.63$g0$hP$5Uk
=ACF  \\$aPrevious copyright fee: GBP16.13$c34\0$e01-jul-2010$fGBP16.13$g0$hP$5Uk
=ACF  \\$aPrevious copyright fee: GBP15.15$c34\0$e01-oct-2009$fGBP15.15$g0$hP$5Uk
=ACF  \\$aPrevious copyright fee: GBP17.86$c34\0$e01-apr-2009$fGBP17.86$g0$hP$5Uk
=ACF  \\$aPrevious copyright fee: GBP15.63$c34\0$e01-jan-2009$fGBP15.63$g0$hP$5Uk
=ACF  \\$aPrevious copyright fee: GBP12.50$c34\0$e01-jul-2007$fGBP12.50$g0$hP$5Uk
=ACF  \\$aPrevious copyright fee: GBP12.82$c34\0$e01-apr-2007$fGBP12.82$g0$hP$5Uk
=ACF  \\$aPrevious copyright fee: GBP13.52$c34\0$e01-oct-2006$fGBP13.52$g0$hP$5Uk
=ACF  \\$aPrevious copyright fee: GBP14.29$c34\0$e01-apr-2006$fGBP14.29$g0$hP$5Uk
=ACF  \\$aPrevious copyright fee: GBP13.89$c34\0$e01-jan-2006$fGBP13.89$g0$hP$5Uk
=ACF  \\$aPrevious copyright fee: GBP13.51$c34\0$e01-apr-2005$fGBP13.51$g0$hP$5Uk
=ACF  \\$aPrevious copyright fee: GBP13.89$c34\0$e01-jan-2005$fGBP13.89$g0$hP$5Uk
=ACF  \\$aPrevious copyright fee: GBP13.51$c34\0$e01-apr-2004$fGBP13.51$g0$hP$5Uk
=ACF  \\$aCurrent copyright fee: GBP14.71$c34\0$e01-jan-2004$fGBP14.71$g0$hP$5Uk
=ACF  \\$aCurrent copyright fee: GBP15.63$c34\0$e02-jan-2003$fGBP15.63$g0$hP$5Uk
=ACF  \\$aPrevious copyright fee: GBP16.13$c34\0$e01-jan-2012$fGBP16.13$g0$hP$5Uk
=ACF  \\$aPrevious copyright fee: GBP15.15$c34\0$e01-jul-2012$fGBP15.15$g0$hP$5Uk
=ACF  \\$aPrevious copyright fee: GBP15.63$c34\0$e01-jan-2013$fGBP15.63$g0$hP$5Uk
=ACF  \\$aPrevious copyright fee: GBP16.13$c34\0$e01-jul-2013$fGBP16.13$g0$hP$5Uk
=ACF  \\$aPrevious copyright fee: GBP15.63$c34\0$e01-jan-2014$fGBP15.63$g0$hP$5Uk
=ACF  \\$aPrevious copyright fee: GBP15.15$c34\0$e01-jul-2014$fGBP15.15$g0$hP$5Uk
=ACF  \\$aPrevious copyright fee: GBP16.13$c34\0$e01-apr-2015$fGBP16.13$g0$hP$5Uk
=ACF  \\$aPrevious copyright fee: GBP16.37$c34\0$e01-jul-2015$fGBP16.37$g0$hP$5Uk
=ACF  \\$aPrevious copyright fee: GBP16.13$c34\0$e01-oct-2015$fGBP16.13$g0$hP$5Uk
=ACF  \\$aPrevious copyright fee: GBP17.24$c34\0$e01-apr-2016$fGBP17.24$g0$hP$5Uk
=ACF  \\$aPrevious copyright fee: GBP18.52$c34\0$e01-oct-2016$fGBP18.52$g0$hP$5Uk
=ACF  \\$aPrevious copyright fee: GBP20.00$c34\0$e01-apr-2017$fGBP20.00$g0$hP$5Uk
=ACF  \\$aPrevious copyright fee: GBP19.23$c34\0$e01-oct-2017$fGBP19.23$g0$hP$5Uk
=ACF  \\$aPrevious copyright fee: GBP17.86$c34\0$e01-apr-2018$fGBP17.86$g0$hP$5Uk
=ACF  \\$aPrevious copyright fee: GBP19.23$c34\0$e01-oct-2018$fGBP19.23$g0$hP$5Uk
=ACF  \\$aPrevious copyright fee: GBP20.00$c34\0$e01-oct-2019$fGBP20.00$g0$hP$5Uk
=ACF  \\$aPrevious copyright fee: GBP19.23$c34\0$e01-apr-2020$fGBP19.23$g0$hP$5Uk
=ACF  \\$aPrevious copyright fee: GBP20.00$c34\0$e01-jul-2020$fGBP20.00$g0$hP$5Uk
=ACF  \\$aPrevious copyright fee: GBP18.52$c34\0$e01-apr-2021$fGBP18.52$g0$hP$5Uk
=ACF  \\$aPrevious copyright fee: GBP17.86$c34\0$e07-jul-2021$fGBP17.86$g0$hP$5Uk
=CAT  \\$aCONV$b00$c20040425$lBLL90$h0712
=CAT  \\$aBATCH-UPD$b00$c20160524$lBLL01$h2236
=CAT  \\$aBATCH-UPD$b00$c20160824$lBLL01$h1835
=CAT  \\$aIPL-CLA$c20160930$lBLL01$h1556
=CAT  \\$aBATCH-UPD$b00$c20170216$lBLL01$h1918
=CAT  \\$aIPL-CLA$c20170331$lBLL01$h1838
=CAT  \\$aBATCH-UPD$b00$c20170904$lBLL01$h1938
=CAT  \\$aIPL-CLA$c20170929$lBLL01$h1722
=CAT  \\$aBATCH-UPD$b00$c20180223$lBLL01$h1814
=CAT  \\$aIPL-CLA$c20180331$lBLL01$h1613
=CAT  \\$aBATCH-UPD$b00$c20180823$lBLL01$h1954
=CAT  \\$aIPL-CLA$c20180930$lBLL01$h1459
=CAT  \\$aBATCH-UPD$b00$c20190829$lBLL01$h1554
=CAT  \\$aIPL-CLA$c20190930$lBLL01$h1634
=CAT  \\$aBATCH-UPD$b00$c20200219$lBLL01$h1535
=CAT  \\$aIPL-CLA$c20200331$lBLL01$h1610
=CAT  \\$aBATCH-UPD$b00$c20200522$lBLL01$h1519
=CAT  \\$aIPL-CLA$c20200701$lBLL01$h0052
=CAT  \\$aBATCH-UPD$b00$c20210226$lBLL01$h1101
=CAT  \\$aIPL-CLA$c20210331$lBLL01$h1659
=CAT  \\$aBATCH-UPD$b00$c20210707$lBLL01$h1624
=CAT  \\$aIPL-CLA$c20210707$lBLL01$h1842
=CAT  \\$aBATCH-UPD$b00$c20220520$lBLL01$h1706
=CAT  \\$aIPL-CLA$c20220630$lBLL01$h1536
=CAT  \\$aBATCH-UPD$b00$c20220824$lBLL01$h0929
=CAT  \\$aIPL-CLA$c20220930$lBLL01$h1425
=CFI  0\$aCurrent copyright fee: GBP20.83$c34\0$e01-oct-2022$fGBP20.83$g0$hP$5Uk
=CFI  2\$aPrevious copyright fee: GBP20.00$c34\0$e01-jul-2022$fGBP20.00$g0$hP$5Uk
=EST  \\$a2
=FIN  \\$aY
=FMT  \\$a  SE
=LAS  \\$aIPL-CLA$b00$c20220930$lBLL01$h1425
=LEO  \\$aMP5.0001510290
=LEO  \\$aMP13.0000348542
=LEO  \\$aMP10.0000619468
=LKR  \\$aPAR$b012435293$lBLL01$nWorld trade and arbitration materials (Online)$mWorld trade and arbitration materials (Print)$r776
=SRC  \\$aBNB03$bbibmp5.200404.2.ac
=SRC  \\$aHSS01$bbibmp13.200404.2.aa
=SRC  \\$aDSS01$bbibmp10.200404.2.aa
=TCO  \\$aNLD$bSTICHTING REPRORECHT$c008
=TOC  \\$aETOC
=UNO  \\$aY

