=LDR  06390cas a22012977a 4500
=001  011786043
=003  Uk
=005  20211231154054.0
=007  ta
=008  781030d19102015enkar\m\\\\\\\0\\\a0eng\\
=019  c\$a2179752
=022  0\$a0077-5762
=040  \\$aUk$cUk$dUk
=082  04$a370$222
=210  0\$aYearb. Natl. Soc. Study Educ.
=222  \4$aThe Yearbook of the National Society for the Study of Education
=245  08$aThe ... Yearbook of the National Society for the Study of Education.
=246  13$aNSSE yearbooks
=260  \\$aChicago :$bUniversity of Chicago Press,$c1910-
=260  3\$32005-$aOxford :$bBlackwell
=300  \\$av. ;$c23 cm.
=310  \\$aAnnual
=336  \\$atext$2rdacontent
=337  \\$aunmediated$2rdamedia
=338  \\$avolume$2rdacarrier
=362  0\$a9th-
=540  \\$aCurrent Copyright Fee: GBP3.65$c0$5Uk
=595  \\$aFormerly 9394.05 UP TO 10, 1911 See also Card Index. Incorporated into 8613.71 2016>.
=650  \0$aEducation$zUnited States$vPeriodicals.
=710  2\$aNational Society for the Study of Education.
=776  0\$tYearbook of the National Society for the Study of Education (Online)$x1744-7984
=780  00$tYearbook of the National Society for the Scientific Study of Education
=852  41$aBritish Library$bDSC$j9394.100000$3Vol. 11 (1912)-(2015)***UKRR Retained Title
=945  \\$aYearbook- National Society for the Study of Education
=959  \\$fHeld but not currently received.
=963  \\$a46, 1947-$bN$cL240.C.283
=985  \\$aCorrected by BSS-generated file
=985  \\$aCorrected by MS generated file for WR# 12.018
=ACF  \\$aPrevious Copyright Fee: GBP3.23$c0$e01-apr-2012$fGBP3.23$g0$hC$5Uk
=ACF  \\$aPrevious Copyright Fee: GBP3.00$c0$e01-jan-2012$fGBP3.00$g0$hC$5Uk
=ACF  \\$aPrevious Copyright Fee: GBP3.00$c0$e01-oct-2011$fGBP3.00$g0$hC$5Uk
=ACF  \\$aPrevious Copyright Fee: GBP22.60$c0$e01-jul-2011$fGBP22.60$g0$hC$5Uk
=ACF  \\$aPrevious Copyright Fee: GBP10.50$c0$e01-apr-2011$fGBP10.50$g0$hC$5Uk
=ACF  \\$aPrevious Copyright Fee: GBP17.00$c0$e01-jan-2011$fGBP17.00$g0$hC$5Uk
=ACF  \\$aPrevious Copyright Fee: GBP17.00$c0$e01-oct-2010$fGBP17.00$g0$hC$5Uk
=ACF  \\$aPrevious copyright fee: GBP9.00$c0$e01-jul-2010$fGBP9.00$g0$hA$5Uk
=ACF  \\$aPrevious copyright fee: GBP17.00$c10\0$e01-jan-2009$fGBP17.00$g0$hP$5Uk
=ACF  \\$aPrevious copyright fee: GBP16.00$c10\0$e01-jan-2006$fGBP16.00$g0$hP$5Uk
=ACF  \\$aPrevious copyright fee: GBP15.00$c10\0$e01-jan-2005$fGBP15.00$g0$hP$5Uk
=ACF  \\$aPrevious Copyright Fee: GBP1.35$c0$e01-oct-2004$fGBP1.35$g0$hC$5Uk
=ACF  \\$aPrevious copyright fee: GBP1.35$c0$e01-apr-2004$fGBP1.35$g0$hC$5Uk
=ACF  \\$aCurrent copyright fee: GBP1.47$c0$e01-jan-2004$fGBP1.47$g0$hC$5Uk
=ACF  \\$aCurrent copyright fee: GBP1.56$c0$e01-jan-2003$fGBP1.56$g0$hC$5Uk
=ACF  \\$aPrevious Copyright Fee: GBP3.03$c0$e01-jul-2012$fGBP3.03$g0$hC$5Uk
=ACF  \\$aPrevious Copyright Fee: GBP3.13$c0$e01-jan-2013$fGBP3.13$g0$hC$5Uk
=ACF  \\$aPrevious Copyright Fee: GBP3.23$c0$e01-oct-2012$fGBP3.23$g0$hC$5Uk
=ACF  \\$aPrevious Copyright Fee: GBP3.13$c0$e01-apr-2013$fGBP3.13$g0$hC$5Uk
=ACF  \\$aPrevious Copyright Fee: GBP3.23$c0$e01-jul-2013$fGBP3.23$g0$hC$5Uk
=ACF  \\$aPrevious Copyright Fee: GBP3.00$c0$e01-oct-2013$fGBP3.00$g0$hC$5Uk
=ACF  \\$aPrevious Copyright Fee: GBP3.13$c0$e01-jan-2014$fGBP3.13$g0$hC$5Uk
=ACF  \\$aPrevious Copyright Fee: GBP3.03$c0$e01-jul-2014$fGBP3.03$g0$hC$5Uk
=ACF  \\$aPrevious Copyright Fee: GBP3.33$c0$e01-apr-2015$fGBP3.33$g0$hC$5Uk
=ACF  \\$aPrevious Copyright Fee: GBP3.23$c0$e01-oct-2015$fGBP3.23$g0$hC$5Uk
=ACF  \\$aPrevious Copyright Fee: GBP3.45$c0$e01-apr-2016$fGBP3.45$g0$hC$5Uk
=ACF  \\$aPrevious Copyright Fee: GBP3.70$c0$e01-oct-2016$fGBP3.70$g0$hC$5Uk
=ACF  \\$aPrevious Copyright Fee: GBP4.00$c0$e01-apr-2017$fGBP4.00$g0$hC$5Uk
=ACF  \\$aPrevious Copyright Fee: GBP3.80$c0$e01-oct-2017$fGBP3.80$g0$hC$5Uk
=ACF  \\$aPrevious Copyright Fee: GBP3.85$c0$e01-jan-2018$fGBP3.85$g0$hC$5Uk
=ACF  \\$aPrevious Copyright Fee: GBP3.57$c0$e01-apr-2018$fGBP3.57$g0$hC$5Uk
=ACF  \\$aPrevious Copyright Fee: GBP3.85$c0$e01-oct-2018$fGBP3.85$g0$hC$5Uk
=ACF  \\$aPrevious Copyright Fee: GBP4.00$c0$e01-oct-2019$fGBP4.00$g0$hC$5Uk
=ACF  \\$aPrevious Copyright Fee: GBP3.85$c0$e01-apr-2020$fGBP3.85$g0$hC$5Uk
=ACF  \\$aPrevious Copyright Fee: GBP4.00$c0$e01-jul-2020$fGBP4.00$g0$hC$5Uk
=ACF  \\$aPrevious Copyright Fee: GBP3.72$c0$e01-apr-2021$fGBP3.72$g0$hC$5Uk
=ACF  \\$aPrevious Copyright Fee: GBP3.61$c0$e01-jul-2021$fGBP3.61$g0$hC$5Uk
=CAT  \\$aCONV$b00$c20040425$lBLL90$h0712
=CAT  \\$a5181$b40$c20170316$lBLL01$h0931
=CAT  \\$a5181$b40$c20170316$lBLL01$h1038
=CAT  \\$aIPL-CLA$c20170331$lBLL01$h1838
=CAT  \\$aBATCH-CLA$b00$c20170831$lBLL01$h1626
=CAT  \\$aIPL-CLA$c20170929$lBLL01$h1722
=CAT  \\$aBATCH-CLA$b00$c20171130$lBLL01$h1700
=CAT  \\$aIPL-CLA$c20171231$lBLL01$h1604
=CAT  \\$aBATCH-CLA$b00$c20180228$lBLL01$h1640
=CAT  \\$aIPL-CLA$c20180331$lBLL01$h1613
=CAT  \\$aBATCH-CLA$b00$c20180831$lBLL01$h1627
=CAT  \\$aIPL-CLA$c20180930$lBLL01$h1459
=CAT  \\$aBATCH-CLA$b00$c20190909$lBLL01$h1717
=CAT  \\$aIPL-CLA$c20190930$lBLL01$h1634
=CAT  \\$aBATCH-CLA$b00$c20200228$lBLL01$h1631
=CAT  \\$aIPL-CLA$c20200331$lBLL01$h1610
=CAT  \\$aBATCH-CLA$b00$c20200529$lBLL01$h1533
=CAT  \\$aIPL-CLA$c20200701$lBLL01$h0052
=CAT  \\$aBATCH-CLA$b00$c20210227$lBLL01$h1007
=CAT  \\$aIPL-CLA$c20210331$lBLL01$h1659
=CAT  \\$aBATCH-CLA$b00$c20210528$lBLL01$h1524
=CAT  \\$aIPL-CLA$c20210704$lBLL01$h1016
=CAT  \\$aBATCH-CLA$b00$c20210917$lBLL01$h1601
=CAT  \\$aIPL-CLA$c20210930$lBLL01$h1527
=CAT  \\$aBATCH-CLA$b00$c20211203$lBLL01$h0812
=CAT  \\$aIPL-CLA$c20211231$lBLL01$h1540
=CFI  0\$aCurrent Copyright Fee: GBP3.65$c0$e01-jan-2022$fGBP3.65$g0$hC$5Uk
=CFI  2\$aPrevious Copyright Fee: GBP3.55$c0$e01-oct-2021$fGBP3.55$g0$hC$5Uk
=EST  \\$a2
=FIN  \\$aY
=FMT  \\$a  SE
=LAS  \\$aIPL-CLA$b00$c20211231$lBLL01$h1540
=LEO  \\$aMP10.0000621972
=MIS  \\$ak-sep
=SRC  \\$aDSS01$bbibmp10.200404.2.aa
=TCO  \\$aCLA$bCLA$c008

