=LDR  04709 as a2201033 a 4500
=001  009833916
=003  Uk
=005  20090728095519.0
=007  ta
=008  040409c19899999nyuqr\p\\\\\\\0\\\a0eng\\
=015  \\$aGBA561807$2bnb
=019  c\$a2384577
=022  0\$a1040-1237
=040  \\$aUk$beng$cUk
=042  \\$aukblsr
=082  04$a616.89005$222
=210  0\$aAnn. clin. psychiatry
=222  \0$aAnnals of clinical psychiatry
=245  00$aAnnals of clinical psychiatry :$bofficial journal of the American Academy of Clinical Psychiatrists.
=260  \\$aNew York, NY :$bElsevier,$c1989-
=260  2\$31994-2003$aNew York :$bPlenum
=260  3\$32004-$aPhiladelphia, Pa. ;$aBasingstoke :$bTaylor & Freancis
=300  \\$av. :$bill. ;$c28 cm.
=310  \\$aQuarterly
=336  \\$atext$2rdacontent
=337  \\$aunmediated$2rdamedia
=338  \\$avolume$2rdacarrier
=362  0\$aVol. 1, no. 1 (Mar. 1989)-
=500  \\$aLatest issue consulted: Vol. 17, no. 1 (Jan./Mar. 2005)
=540  \\$aBritish Library not licensed to copy$c0$5Uk
=650  \0$aPsychiatry$vPeriodicals.
=710  2\$aAmerican Academy of Clinical Psychiatrists.
=776  1\$tAnnals of clinical psychiatry (Online)$x1547-3325
=852  41$aBritish Library$bHMNTS$jZK.9.a.9427$3Vol. 17, no. 1 (Jan. /Mar. 2005)-v. 2, no. 4 (Dec. 2008) supplement
=852  41$aBritish Library$bDSC$j1040.245000$3Volume 1 (1989)-Volume 18, Number 4 (2006)
=945  \\$aAnnals of clinical psychiatry
=959  \\$fHeld but not currently received
=ACF  \\$aPrevious Copyright Fee: GBP29.37$c0$e01-apr-2010$fGBP29.37$g0$hC$5Uk
=ACF  \\$aPrevious Copyright Fee: GBP29.37$c0$e01-Jan-2010$fGBP29.37$g0$hC$5Uk
=ACF  \\$aPrevious Copyright Fee: GBP58.75$c0$e01-oct-2009$fGBP58.75$g0$hC$5Uk
=ACF  \\$aPrevious copyright fee: GBP6.00$c0$e28-jul-2009$fGBP6.00$g0$hA$5Uk
=ACF  \\$aCurrent copyright fee: GBP20.00$c2\0$e01-jan-2009$fGBP20.00$g0$hP$5Uk
=ACF  \\$aPrevious copyright fee: GBP19.00$c2\0$e01-apr-2008$fGBP19.00$g0$hP$5Uk
=ACF  \\$aPrevious copyright fee: GBP20.00$c2\0$e01-jan-2007$fGBP20.00$g0$hP$5Uk
=ACF  \\$aPrevious copyright fee: GBP18.00$c2\0$e01-jan-2005$fGBP18.00$g0$hP$5Uk
=ACF  \\$aPrevious copyright fee: GBP15.00$c2\0$e01-jan-2004$fGBP15.00$g0$hP$5Uk
=ACF  \\$aCurrent copyright fee: GBP15.63$c4\4$e01-jan-2003$fGBP15.63$g0$hP$5Uk
=ACF  \\$aCurrent copyright fee: GBP13.87$c4\4$e01-oct-2002$fGBP13.87$g0$hP$5Uk
=ACF  \\$aPrevious copyright fee: GBP10.50$c0$e01-jan-2011$fGBP10.50$g0$hA$5Uk
=ACF  \\$aBritish Library not licensed to copy$c0$e07-sep-2011$hC$iTX$5Uk
=ACF  \\$aBritish Library not licensed to copy$c0$e01-jan-2013$hC$iCFP Excluded$5Uk
=ACF  \\$aBritish Library not licensed to copy$c0$e01-jul-2013$hC$iCFP Excluded$5Uk
=ACF  \\$aBritish Library not licensed to copy$c0$e01-oct-2013$hC$iCFP Excluded$5Uk
=CAT  \\$aCONV$b00$c20040425$lBLL90$h0658
=CAT  \\$aBATCH-UPD$b00$c20091231$lBLL01$h1752
=CAT  \\$aBATCH-UPD$b00$c20091231$lBLL01$h1821
=CAT  \\$aBATCH$b00$c20091231$lBLL01$h1840
=CAT  \\$aBATCH-CLA$b00$c20100224$lBLL01$h1158
=CAT  \\$aBATCH-UPD$b00$c20100331$lBLL01$h2148
=CAT  \\$aBATCH-UPD$b00$c20100401$lBLL01$h0122
=CAT  \\$aBATCH$b00$c20100401$lBLL01$h0426
=CAT  \\$aBATCH$b00$c20100401$lBLL01$h1442
=CAT  \\$aBATCH-UPD$b00$c20101201$lBLL01$h1225
=CAT  \\$aIPL-CLA$c20101231$lBLL01$h1310
=CAT  \\$aBATCH-UPD$b00$c20110907$lBLL01$h1807
=CAT  \\$aIPL-CLA$c20110908$lBLL01$h1722
=CAT  \\$aBATCH-CLA$b00$c20121104$lBLL01$h1000
=CAT  \\$aBATCH-CLA$b00$c20121130$lBLL01$h1240
=CAT  \\$aIPL-CLA$c20121231$lBLL01$h1253
=CAT  \\$aIPL-CLA$c20130102$lBLL01$h1658
=CAT  \\$aBATCH-CLA$b00$c20130531$lBLL01$h1645
=CAT  \\$aIPL-CLA$c20130701$lBLL01$h0018
=CAT  \\$aBATCH-CLA$b00$c20130830$lBLL01$h1627
=CAT  \\$aIPL-CLA$c20130930$lBLL01$h1727
=CAT  \\$aBATCH-CLA$b00$c20131129$lBLL01$h1655
=CAT  \\$aIPL-CLA$c20131231$lBLL01$h2027
=CAT  \\$aBATCH-CLA$b00$c20140530$lBLL01$h1711
=CAT  \\$aIPL-CLA$c20140630$lBLL01$h1705
=CAT  \\$aWR14_140$c20140905$lBLL01$h1735
=CFI  0\$aBritish Library not licensed to copy$c0$e01-jul-2014$hC$iCFP Excluded$5Uk
=CFI  2\$aBritish Library not licensed to copy$c0$e01-jan-2014$hC$iCFP Excluded$5Uk
=EST  \\$a2
=FIN  \\$aY
=FMT  \\$a  SE
=LAS  \\$aWR14_140$b00$c20140905$lBLL01$h1735
=LEO  \\$aMP10.0000050621
=LKR  \\$aPAR$b012432029$lBLL01$r776$mAnnals of clinical psychiatry$nAnnals of clinical psychiatry (Online)
=SRC  \\$aDSS01$bbibmp10.200404.2.aa
=TCO  \\$aTRS$bCCC$c008

