=LDR  08030cas a2201657 a 4500
=001  009861927
=003  Uk
=005  20220930142434.0
=007  ta
=008  740516c19739999ne\mr\p\\\\\\\0\\\a0eng\\
=019  c\$a2087640
=019  1\$ar6077613
=019  1\$abld0043839
=022  \\$a0165-2826
=030  \\$aINTXE9
=035  \\$a(OCoLC)ocm01791527
=040  \\$aDLC$beng$cDLC$dMH$dNST$dDLC$dOUCA$dDLC$dOCoLC$dMH$dMH-L$dOCoLC$dDLC$dUk
=041  0\$aeng$afre$ager
=042  \\$aukblsr
=043  \\$aew-----$ae------
=050  00$aLAW
=082  0\$a343.404$223
=210  0\$aIntertax
=222  \0$aIntertax
=245  00$aIntertax :$bEuropean tax review.
=246  30$aEuropean tax review
=246  1\$iVols. for <1988- > have subtitle:$aInternational tax review
=260  \\$aDeventer, Nederland :$bKluwer B.V.,$c1973-
=264  31$aAlphen aan den Rijn :$bKluwer Law International
=300  \\$av. ;$c24-29 cm.
=310  \\$aMonthly,$b<1980- >
=321  \\$a8 no. a year,$b1975-
=321  \\$aBimonthly,$b1973-1974
=336  \\$atext$2rdacontent
=337  \\$aunmediated$2rdamedia
=338  \\$avolume$2rdacarrier
=362  0\$a1973/1/2-
=500  \\$aTitle from cover.
=500  \\$aPublisher varies slightly: for <1984>-Apr. 1995: Kluwer Law and Taxation Publishers; May 1995- : London ; Cambridge, MA : Kluwer Law International (with: Bonn, W. Germany : Stolfuss, <1974>-1992; with: Berlin, Germany : Luchterhand, 1993- ).
=515  \\$aSome issues combined.
=515  \\$aVols. for 1996- called also v. 24-
=540  \\$aCurrent copyright fee: GBP20.83$c34\0$5Uk
=546  \\$aIn English, French, or German; with summaries in English, French, or German; <1985>- in English only.
=550  \\$aVols. for Sept. 1978-1987 issued as the bulletin of the Confédération fiscale européenne (CFE).
=588  \\$aLatest issue consulted: volume 44, issue 1 (January 2016).
=595  \\$aFORMERLY 3934.5 UP TO NO. 55, 1972.
=650  \0$aTaxation$zEuropean Economic Community countries$vPeriodicals.
=650  \0$aTaxation$xLaw and legislation$zEuropean Economic Community countries$vPeriodicals.
=650  \0$aTaxation$vPeriodicals.
=650  \0$aTaxation$xLaw and legislation$vPeriodicals.
=710  2\$aConfédération fiscale européenne.
=776  08$iAlso issued online as:$tIntertax$x1875-8347
=780  00$tEuropäische Steuer-Zeitung$x0014-2689
=852  41$aBritish Library$bDSC$j4557.455000$3Vol. 1 (1973)-v. 42 issue 12 (2014)***UKRR Retained Title***Ban on loan within 26 weeks of receipt
=852  41$aBritish Library$bHMNTS$jP.511/1488$31977/1- vol.30, no.12, 2002
=852  41$aBritish Library$bHMNTS$jZC.9.b.6291$3Vol. 24 no. 2 (Feb. 1996)-
=945  \\$aINTERTAX
=957  \\$a960228c
=957  \\$a7802P
=959  \\$fHeld but not currently received
=963  \\$a1996- *A=1$bN$cU
=985  \\$aCONFERENCE ANALYTIC RECORDS EXIST
=985  \\$aRecord merged by DQ team
=ACF  \\$aPrevious copyright fee: GBP15.63$c34\0$e01-jul-2011$fGBP15.63$g0$hP$5Uk
=ACF  \\$aPrevious copyright fee: GBP16.13$c34\0$e01-jul-2010$fGBP16.13$g0$hP$5Uk
=ACF  \\$aPrevious copyright fee: GBP15.15$c34\0$e01-oct-2009$fGBP15.15$g0$hP$5Uk
=ACF  \\$aPrevious copyright fee: GBP17.86$c34\0$e01-apr-2009$fGBP17.86$g0$hP$5Uk
=ACF  \\$aPrevious copyright fee: GBP15.63$c34\0$e01-jan-2009$fGBP15.63$g0$hP$5Uk
=ACF  \\$aPrevious copyright fee: GBP12.50$c34\0$e01-jul-2007$fGBP12.50$g0$hP$5Uk
=ACF  \\$aPrevious copyright fee: GBP12.82$c34\0$e01-apr-2007$fGBP12.82$g0$hP$5Uk
=ACF  \\$aPrevious copyright fee: GBP13.52$c34\0$e01-oct-2006$fGBP13.52$g0$hP$5Uk
=ACF  \\$aPrevious copyright fee: GBP14.29$c34\0$e01-apr-2006$fGBP14.29$g0$hP$5Uk
=ACF  \\$aPrevious copyright fee: GBP13.89$c34\0$e01-jan-2006$fGBP13.89$g0$hP$5Uk
=ACF  \\$aPrevious copyright fee: GBP13.51$c34\0$e01-apr-2005$fGBP13.51$g0$hP$5Uk
=ACF  \\$aPrevious copyright fee: GBP13.89$c34\0$e01-jan-2005$fGBP13.89$g0$hP$5Uk
=ACF  \\$aPrevious copyright fee: GBP13.51$c34\0$e01-apr-2004$fGBP13.51$g0$hP$5Uk
=ACF  \\$aCurrent copyright fee: GBP14.71$c34\0$e01-jan-2004$fGBP14.71$g0$hP$5Uk
=ACF  \\$aCurrent copyright fee: GBP15.63$c34\0$e02-jan-2003$fGBP15.63$g0$hP$5Uk
=ACF  \\$aPrevious copyright fee: GBP16.13$c34\0$e01-jan-2012$fGBP16.13$g0$hP$5Uk
=ACF  \\$aPrevious copyright fee: GBP15.15$c34\0$e01-jul-2012$fGBP15.15$g0$hP$5Uk
=ACF  \\$aPrevious copyright fee: GBP15.63$c34\0$e01-jan-2013$fGBP15.63$g0$hP$5Uk
=ACF  \\$aPrevious copyright fee: GBP16.13$c34\0$e01-jul-2013$fGBP16.13$g0$hP$5Uk
=ACF  \\$aPrevious copyright fee: GBP15.63$c34\0$e01-jan-2014$fGBP15.63$g0$hP$5Uk
=ACF  \\$aPrevious copyright fee: GBP15.15$c34\0$e01-jul-2014$fGBP15.15$g0$hP$5Uk
=ACF  \\$aPrevious copyright fee: GBP16.13$c34\0$e01-apr-2015$fGBP16.13$g0$hP$5Uk
=ACF  \\$aPrevious copyright fee: GBP16.37$c34\0$e01-jul-2015$fGBP16.37$g0$hP$5Uk
=ACF  \\$aPrevious copyright fee: GBP16.13$c34\0$e01-oct-2015$fGBP16.13$g0$hP$5Uk
=ACF  \\$aPrevious copyright fee: GBP17.24$c34\0$e01-apr-2016$fGBP17.24$g0$hP$5Uk
=ACF  \\$aPrevious copyright fee: GBP18.52$c34\0$e01-oct-2016$fGBP18.52$g0$hP$5Uk
=ACF  \\$aPrevious copyright fee: GBP20.00$c34\0$e01-apr-2017$fGBP20.00$g0$hP$5Uk
=ACF  \\$aPrevious copyright fee: GBP19.23$c34\0$e01-oct-2017$fGBP19.23$g0$hP$5Uk
=ACF  \\$aPrevious copyright fee: GBP17.86$c34\0$e01-apr-2018$fGBP17.86$g0$hP$5Uk
=ACF  \\$aPrevious copyright fee: GBP19.23$c34\0$e01-oct-2018$fGBP19.23$g0$hP$5Uk
=ACF  \\$aPrevious copyright fee: GBP20.00$c34\0$e01-oct-2019$fGBP20.00$g0$hP$5Uk
=ACF  \\$aPrevious copyright fee: GBP19.23$c34\0$e01-apr-2020$fGBP19.23$g0$hP$5Uk
=ACF  \\$aPrevious copyright fee: GBP20.00$c34\0$e01-jul-2020$fGBP20.00$g0$hP$5Uk
=ACF  \\$aPrevious copyright fee: GBP18.52$c34\0$e01-apr-2021$fGBP18.52$g0$hP$5Uk
=ACF  \\$aPrevious copyright fee: GBP17.86$c34\0$e07-jul-2021$fGBP17.86$g0$hP$5Uk
=CAT  \\$aCONV$b00$c20040425$lBLL90$h0704
=CAT  \\$aBATCH-UPD$b00$c20160524$lBLL01$h2235
=CAT  \\$aBATCH-UPD$b00$c20160824$lBLL01$h1835
=CAT  \\$aIPL-CLA$c20160930$lBLL01$h1550
=CAT  \\$aBATCH-UPD$b00$c20170216$lBLL01$h1918
=CAT  \\$aIPL-CLA$c20170331$lBLL01$h1833
=CAT  \\$aBATCH-UPD$b00$c20170904$lBLL01$h1938
=CAT  \\$aIPL-CLA$c20170929$lBLL01$h1716
=CAT  \\$aBATCH-UPD$b00$c20180223$lBLL01$h1814
=CAT  \\$aIPL-CLA$c20180331$lBLL01$h1605
=CAT  \\$aBATCH-UPD$b00$c20180823$lBLL01$h1953
=CAT  \\$aIPL-CLA$c20180930$lBLL01$h1455
=CAT  \\$aBATCH-UPD$b00$c20190829$lBLL01$h1554
=CAT  \\$aIPL-CLA$c20190930$lBLL01$h1631
=CAT  \\$aBATCH-UPD$b00$c20200219$lBLL01$h1535
=CAT  \\$aIPL-CLA$c20200331$lBLL01$h1607
=CAT  \\$aBATCH-UPD$b00$c20200522$lBLL01$h1519
=CAT  \\$aIPL-CLA$c20200701$lBLL01$h0048
=CAT  \\$aBATCH-UPD$b00$c20210226$lBLL01$h1101
=CAT  \\$aIPL-CLA$c20210331$lBLL01$h1657
=CAT  \\$aBATCH-UPD$b00$c20210707$lBLL01$h1624
=CAT  \\$aIPL-CLA$c20210707$lBLL01$h1842
=CAT  \\$aBATCH-UPD$b00$c20220520$lBLL01$h1706
=CAT  \\$aIPL-CLA$c20220630$lBLL01$h1535
=CAT  \\$aBATCH-UPD$b00$c20220824$lBLL01$h0929
=CAT  \\$aIPL-CLA$c20220930$lBLL01$h1424
=CFI  0\$aCurrent copyright fee: GBP20.83$c34\0$e01-oct-2022$fGBP20.83$g0$hP$5Uk
=CFI  2\$aPrevious copyright fee: GBP20.00$c34\0$e01-jul-2022$fGBP20.00$g0$hP$5Uk
=EST  \\$a2
=FIN  \\$aY
=FMT  \\$a  SE
=LAS  \\$aIPL-CLA$b00$c20220930$lBLL01$h1424
=LEO  \\$aMP13.0000175174
=LEO  \\$aMP13.0000891996
=LEO  \\$aMP10.0000300795
=LKR  \\$aPAR$b012433578$lBLL01$nIntertax (Online)$mIntertax (Print)$r776
=SID  \\$aZ39$bLOC
=SRC  \\$aHSS01$bbibmp13.200404.2.aa
=SRC  \\$aHSS01$bbibmp13.200404.2.ab
=SRC  \\$aDSS01$bbibmp10.200404.2.aa
=TCO  \\$aNLD$bSTICHTING REPRORECHT$c008
=TOC  \\$aETOC
=UNO  \\$aY

