=LDR  05749cas a22013217a 4500
=001  009878440
=003  Uk
=005  20230209233319.0
=006  aa\\\|||||||||||||
=007  ta
=008  930316c19929999enktr\p\\\\\\\0\\\b0mul\\
=015  \\$aGB9310796$2bnb
=019  c\$a2453438
=019  y\$ab9310796
=019  9\$ab9310796
=019  1\$ab9310796
=022  \\$a0964-0282
=039  0\$a2230
=040  \\$aUk$cUk$dUk
=041  0\$aeng$afre
=082  04$a306$220
=210  0\$aSoc. anthropol.$b(Print)
=222  \0$aSocial anthropology$b(Print)
=245  00$aSocial anthropology =$bAnthropologie sociale : the journal of the European Association of Social Anthropologists.
=246  31$aAnthropologie sociale
=260  \\$aCambridge :$bCambridge University Press,$c1992-
=260  3\$32007-$aOxford :$bBlackwell
=300  \\$av. :$bill. ;$c25 cm.
=310  \\$aThree issues yearly
=336  \\$atext$2rdacontent
=337  \\$aunmediated$2rdamedia
=338  \\$avolume$2rdacarrier
=362  0\$aVol. 1, pt. 1 (Aug. 1992)-
=500  \\$aCover title.
=540  \\$aCurrent Copyright Fee: GBP18.00$c0$5Uk
=546  \\$aArticles in English or French.
=653  1\$aCulture
=690  7\$aSocial Welfare$2blcoll
=710  2\$aEuropean Association of Social Anthropologists.
=776  0\$tSocial anthropology$c(Online)$x1469-8676
=852  41$aBritish Library$bDSC$j8318.053750$3Vol. 1, no. 1 (1992)-v. 23, no. 2 (2015)***UKRR Retained Title***Stock incomplete
=852  41$aBritish Library$bHMNTS$jZC.9.a.3280$3Vol. 1, pt. 1 (Aug. 1992)-v. 21, no. 1 (2013)***title now taken as electronic copy only
=945  \\$aSocial anthropology -Cambridge-.
=959  \\$fHeld but not currently received
=963  \\$aVOL. 1, 1992- *A=1$bY$cU
=985  \\$aISSN responsibility transferred to U.S. ISSN Center from ISSN UK Centre, Wiley, Multinational Publisher List, Summer 2017.
=985  \\$aRecord merged by DQ team
=985  \\$aUpgraded by BSS-generated file for WR2011-1473
=A02  \\$a2453438
=ACF  \\$aPrevious Copyright Fee: GBP16.00$c10\0$e01-jan-2007$fGBP16.00$g0$hP$5Uk
=ACF  \\$aPrevious Copyright Fee: GBP10.00$c0$e01-oct-2006$fGBP10.00$g0$hC$5Uk
=ACF  \\$aPrevious Copyright Fee: GBP10.00$c0$e01-jul-2006$fGBP10.00$g0$hC$5Uk
=ACF  \\$aPrevious Copyright Fee: GBP5.00$c0$e01-apr-2006$fGBP5.00$g0$hC$5Uk
=ACF  \\$aPrevious Copyright Fee: GBP5.00$c0$e01-jan-2006$fGBP5.00$g0$hC$5Uk
=ACF  \\$aPrevious Copyright Fee: GBP5.00$c0$e01-oct-2005$fGBP5.00$g0$hC$5Uk
=ACF  \\$aPrevious Copyright Fee: GBP5.00$c0$e01-jul-2005$fGBP5.00$g0$hC$5Uk
=ACF  \\$aPrevious Copyright Fee: GBP5.00$c0$e01-apr-2005$fGBP5.00$g0$hC$5Uk
=ACF  \\$aPrevious Copyright Fee: GBP5.00$c0$e01-jan-2005$fGBP5.00$g0$hC$5Uk
=ACF  \\$aPrevious Copyright Fee: GBP5.00$c0$e01-oct-2004$fGBP5.00$g0$hC$5Uk
=ACF  \\$aPrevious copyright fee: GBP5.00$c0$e01-jul-2002$fGBP5.00$g0$hC$5Uk
=ACF  \\$aCurrent copyright fee: GBP6.00$c0$e01-jul-2001$fGBP6.00$g0$hC$5Uk
=ACF  \\$aCurrent copyright fee: GBP6.35$c0$e01-jul-2000$fGBP6.35$g0$hC$5Uk
=ACF  \\$aPrevious copyright fee: GBP17.00$c10\0$e01-jan-2009$fGBP17.00$g0$hP$5Uk
=ACF  \\$aPrevious copyright fee: GBP22.00$c10\0$e01-jan-2011$fGBP22.00$g0$hP$5Uk
=ACF  \\$aPrevious copyright fee: GBP24.00$c10\0$e01-mar-2015$fGBP24.00$g0$hP$5Uk
=ACF  \\$aPrevious copyright fee: GBP24.00$c35\0$e07-mar-2017$fGBP24.00$g0$hP$5Uk
=ACF  \\$aPrevious copyright fee: GBP28.00$c35\0$e01-jan-2019$fGBP28.00$g0$hP$5Uk
=ACF  \\$aPrevious Copyright Fee: GBP32.00$c35\0$e01-jan-2020$fGBP32.00$g0$hP$5Uk
=ACF  \\$aPrevious Copyright Fee: GBP22.50$c0$e01-jan-2022$fGBP22.50$g0$hA$5Uk
=ACF  \\$aPrevious Copyright Fee: GBP18.00$c0$e01-apr-2022$fGBP18.00$g0$hC$5Uk
=CAT  \\$aCONV$b00$c20040425$lBLL90$h0710
=CAT  \\$aBATCH-UPD$b00$c20150215$lBLL01$h1620
=CAT  \\$aIPL-CLA$c20150228$lBLL01$h2043
=CAT  \\$aBATCH-UPD$b00$c20160413$lBLL01$h1808
=CAT  \\$aBATCH-UPD$b00$c20170302$lBLL01$h1750
=CAT  \\$aW1703-0316$c20170306$lBLL01$h1822
=CAT  \\$aW1703-0316$c20170307$lBLL01$h1646
=CAT  \\$aIPL-CLA$c20170307$lBLL01$h1823
=CAT  \\$a10973$b40$c20171120$lBLL01$h1428
=CAT  \\$aBATCH-UPD$b40$c20180219$lBLL01$h1741
=CAT  \\$aBATCH-UPD$b40$c20181121$lBLL01$h1619
=CAT  \\$aIPL-CLA$c20181231$lBLL01$h1536
=CAT  \\$aR1911-0245$c20191127$lBLL01$h0822
=CAT  \\$aR1911-0245$c20191127$lBLL01$h1044
=CAT  \\$aIPL-CLA$c20191231$lBLL01$h1815
=CAT  \\$aW2011-1473$b00$c20201124$lBLL01$h1838
=CAT  \\$a12654$b40$c20211026$lBLL01$h0911
=CAT  \\$aIPL-CLA$c20211231$lBLL01$h1538
=CAT  \\$aDEL-3PM$c20220105$lBLL01$h1525
=CAT  \\$aBATCH-CLA$b00$c20220304$lBLL01$h1533
=CAT  \\$aIPL-CLA$c20220331$lBLL01$h1951
=CAT  \\$a10806$b40$c20221012$lBLL01$h0959
=CAT  \\$aBATCH-CLA$b00$c20221130$lBLL01$h1449
=CAT  \\$aIPL-CLA$c20221231$lBLL01$h1438
=CAT  \\$aBATCH-CLA$b00$c20230209$lBLL01$h1535
=CAT  \\$aIPL-CLA$c20230209$lBLL01$h2333
=CFI  0\$aCurrent Copyright Fee: GBP18.00$c0$e09-feb-2023$fGBP18.00$g0$hC$5Uk
=CFI  2\$aBritish Library not licensed to copy$c0$e01-jan-2023$hC$iCFP Excluded$5Uk
=EST  \\$a2
=FIN  \\$aY
=FMT  \\$a  SE
=LAS  \\$aIPL-CLA$b00$c20230209$lBLL01$h2333
=LEO  \\$aMP5.0000805347
=LEO  \\$aMP13.0000317728
=LEO  \\$aMP22.0000036155
=LEO  \\$aMP10.0000538533
=SRC  \\$aBNB03$bbibmp5.200404.2.ab
=SRC  \\$aHSS01$bbibmp13.200404.2.aa
=SRC  \\$aISN01$bbibmp22.200404.2.aa
=SRC  \\$aDSS01$bbibmp10.200404.2.aa
=TCO  \\$aCLA$bCLA$c008
=TOC  \\$aETOC
=UNO  \\$aY

