=LDR  03873cas a22009013a 4500
=001  009882125
=003  Uk
=005  20221231143831.0
=007  ta
=008  040410d19732007gw\qr\p\\\\\\\0\\\a0ger\\
=019  c\$a2193997
=022  \\$a0340-918X
=040  \\$aUk$cUk$dUk
=082  04$a301$222
=222  \0$aSoziologie$b(Opladen)
=245  00$aSoziologie.
=310  \\$aQuarterly
=336  \\$atext$2rdacontent
=337  \\$aunmediated$2rdamedia
=338  \\$avolume$2rdacarrier
=540  \\$aCurrent Copyright Fee: GBP25.00$c0$5Uk
=776  0\$aSoziologie (Online)$x1862-2550
=852  41$aBritish Library$bDSC$j8361.216200$3H. 1, 1983- 1, 1999 *A=1
=945  \\$aSoziologie -Stuttgart-
=959  \\$fHeld but not currently received
=A02  \\$a2193997
=ACF  \\$aPrevious copyright fee: GBP9.00$c0$e01-jan-2010$fGBP9.00$g0$hA$5Uk
=ACF  \\$aPrevious copyright fee: GBP6.00$c0$e18-nov-2009$fGBP6.00$g0$hA$5Uk
=ACF  \\$aCurrent copyright fee: GBP22.00$c13\2$e01-apr-2009$fGBP22.00$g0$hP$5Uk
=ACF  \\$aPrevious copyright fee: GBP21.25$c13\2$e01-jan-2009$fGBP21.25$g0$hP$5Uk
=ACF  \\$aPrevious copyright fee: GBP16.75$c13\2$e01-jan-2007$fGBP16.75$g0$hP$5Uk
=ACF  \\$aPrevious Copyright Fee: GBP16.22$c13\2$e01-oct-2006$fGBP16.22$g0$hP$5Uk
=ACF  \\$aPrevious Copyright Fee: GBP17.14$c13\2$e08-sep-2006$fGBP17.14$g0$hP$5Uk
=ACF  \\$aPrevious Copyright Fee: GBP5.00$c0$e01-jul-2001$fGBP5.00$g0$hC$5Uk
=ACF  \\$aCurrent copyright fee: GBP2.50$c0$e01-jul-1998$fGBP2.50$g0$hC$5Uk
=ACF  \\$aCurrent copyright fee: GBP2.30$c0$e01-apr-1997$fGBP2.30$g0$hC$5Uk
=ACF  \\$aPrevious copyright fee: GBP10.50$c0$e01-jan-2011$fGBP10.50$g0$hA$5Uk
=ACF  \\$aPrevious copyright fee: GBP12.00$c0$e01-jan-2012$fGBP12.00$g0$hA$5Uk
=ACF  \\$aPrevious Copyright Fee: GBP12.30$c0$e01-jan-2014$fGBP12.30$g0$hA$5Uk
=ACF  \\$aPrevious Copyright Fee: GBP15.00$c0$e01-jan-2017$fGBP15.00$g0$hA$5Uk
=ACF  \\$aPrevious Copyright Fee: GBP17.50$c0$e01-jan-2018$fGBP17.50$g0$hA$5Uk
=ACF  \\$aPrevious Copyright Fee: GBP20.00$c0$e01-jan-2020$fGBP20.00$g0$hA$5Uk
=CAT  \\$aCONV$b00$c20040425$lBLL90$h0710
=CAT  \\$aBATCH-UPD$b00$c20091231$lBLL01$h1753
=CAT  \\$aBATCH-UPD$b00$c20091231$lBLL01$h1822
=CAT  \\$aBATCH$b00$c20091231$lBLL01$h1841
=CAT  \\$a8323$b40$c20100915$lBLL01$h0953
=CAT  \\$a8323$b40$c20100915$lBLL01$h1151
=CAT  \\$aBATCH-UPD$b40$c20101124$lBLL01$h1839
=CAT  \\$aBATCH-UPD$b40$c20101125$lBLL01$h1059
=CAT  \\$aIPL-CLA$c20101231$lBLL01$h1329
=CAT  \\$aWR11_203$c20111204$lBLL01$h1400
=CAT  \\$aIPL-CLA$c20111230$lBLL01$h1829
=CAT  \\$aBATCH-CLA$b00$c20121105$lBLL01$h1750
=CAT  \\$aWR13.005$c20130323$lBLL01$h1404
=CAT  \\$aBATCH-CLA$c20131218$lBLL01$h2237
=CAT  \\$aIPL-CLA$c20131231$lBLL01$h2054
=CAT  \\$aBATCH-CLA$b00$c20161222$lBLL01$h1728
=CAT  \\$aIPL-CLA$c20161230$lBLL01$h1928
=CAT  \\$aBATCH-CLA$b00$c20171222$lBLL01$h2030
=CAT  \\$aIPL-CLA$c20171231$lBLL01$h1459
=CAT  \\$aBATCH-CLA$b00$c20191219$lBLL01$h1653
=CAT  \\$aIPL-CLA$c20191231$lBLL01$h1816
=CAT  \\$aR2001-1524$c20200127$lBLL01$h1939
=CAT  \\$aBATCH-CLA$b00$c20201204$lBLL01$h1451
=CAT  \\$aIPL-CLA$c20201231$lBLL01$h1523
=CAT  \\$aBATCH-CLA$b00$c20221221$lBLL01$h1757
=CAT  \\$aIPL-CLA$c20221231$lBLL01$h1438
=CFI  0\$aCurrent Copyright Fee: GBP25.00$c0$e01-jan-2023$fGBP25.00$g0$hA$5Uk
=CFI  2\$aPrevious Copyright Fee: GBP22.50$c0$e01-jan-2021$fGBP22.50$g0$hA$5Uk
=EST  \\$a2
=FIN  \\$aY
=FMT  \\$a  SE
=LAS  \\$aIPL-CLA$b00$c20221231$lBLL01$h1438
=LEO  \\$aMP10.0000543698
=LKR  \\$aPAR$b013549753$lBLL01$r776$mSoziologie (Print)$nSoziologie (Online)
=SRC  \\$aDSS01$bbibmp10.200404.2.aa
=TCO  \\$aDEU$bVG WORT$c008

