=LDR  06275cas a2201369 a 4500
=001  009920476
=003  Uk
=005  20230209233329.0
=007  ta
=008  040205d20032013enktu\p\\\\\\\0\\\a0eng\\
=015  \\$aGBA404393$2bnb
=019  y\$abA404393
=019  9\$abA404393
=019  c\$a3013402
=019  1\$abA404393
=022  0\$a1476-9263$202
=039  0\$a2773
=040  \\$aUk$cUk$dUk$dUk
=042  \\$aissnuk$aukblsr
=082  04$a616.8914$222
=222  \0$aPsychotherapy and politics international
=245  00$aPsychotherapy and politics international.
=260  \\$aLondon :$bWhurr,$c2003-2013
=300  \\$av. ;$c25 cm.
=310  \\$aThree issues yearly
=336  \\$atext$2rdacontent
=337  \\$aunmediated$2rdamedia
=338  \\$avolume$2rdacarrier
=362  0\$aVol. 1, no. 1 (2003)-
=540  \\$aCurrent Copyright Fee: GBP32.00$c0$5Uk
=650  \0$aPsychotherapy$xPolitical aspects$vPeriodicals.
=650  \0$aPsychotherapy$xSocial aspects$vPeriodicals.
=650  \0$aClinical sociology$vPeriodicals.
=776  0\$aPsychotherapy and politics international (Online)$x1556-9195
=852  41$aBritish Library$bDSC$j6946.558800$3Vol.1, no. 1 (2003)-v. 6, no. 3 (2008)
=852  41$aBritish Library$bHMNTS$jZC.9.a.6875$3Vol. 1, no. 1 (2003)-v. 11, no 1 (2013)***Title now taken as electronic copy
=945  \\$aPSYCHOTHERAPY AND POLITICS INTERNATIONAL.
=959  \\$fHeld but not currently received
=A02  \\$a3013402
=ACF  \\$aPrevious Copyright Fee: GBP17.00$c0$e01-jul-2010$fGBP17.00$g0$hC$5Uk
=ACF  \\$aPrevious Copyright Fee: GBP17.00$c0$e01-apr-2010$fGBP17.00$g0$hC$5Uk
=ACF  \\$aPrevious Copyright Fee: GBP17.00$c0$e01-Jan-2010$fGBP17.00$g0$hC$5Uk
=ACF  \\$aPrevious Copyright Fee: GBP17.00$c0$e01-oct-2009$fGBP17.00$g0$hC$5Uk
=ACF  \\$aPrevious Copyright Fee: GBP17.00$c0$e01-jul-2009$fGBP17.00$g0$hC$5Uk
=ACF  \\$aPrevious Copyright Fee: GBP17.00$c0$e01-apr-2009$fGBP17.00$g0$hC$5Uk
=ACF  \\$aPrevious Copyright Fee: GBP17.00$c0$e01-jan-2009$fGBP17.00$g0$hC$5Uk
=ACF  \\$aPrevious Copyright Fee: GBP17.00$c0$e01-oct-2008$fGBP17.00$g0$hC$5Uk
=ACF  \\$aPrevious Copyright Fee: GBP17.00$c0$e01-jul-2008$fGBP17.00$g0$hC$5Uk
=ACF  \\$aPrevious Copyright Fee: GBP17.00$c0$e01-apr-2008$fGBP17.00$g0$hC$5Uk
=ACF  \\$aPrevious Copyright Fee: GBP17.00$c0$e01-jan-2008$fGBP17.00$g0$hC$5Uk
=ACF  \\$aPrevious Copyright Fee: GBP17.00$c0$e01-oct-2007$fGBP17.00$g0$hC$5Uk
=ACF  \\$aPrevious Copyright Fee: GBP17.00$c0$e01-jul-2007$fGBP17.00$g0$hC$5Uk
=ACF  \\$aPrevious Copyright Fee: GBP17.00$c0$e01-apr-2007$fGBP17.00$g0$hC$5Uk
=ACF  \\$aPrevious Copyright Fee: GBP17.00$c0$e01-jan-2007$fGBP17.00$g0$hC$5Uk
=ACF  \\$aPrevious Copyright Fee: GBP17.00$c0$e01-oct-2006$fGBP17.00$g0$hC$5Uk
=ACF  \\$aPrevious Copyright Fee: GBP17.00$c0$e01-jul-2006$fGBP17.00$g0$hC$5Uk
=ACF  \\$aPrevious Copyright Fee: GBP17.00$c35\0$e08-jun-2006$fGBP17.00$g0$hP$5Uk
=ACF  \\$aPrevious Copyright Fee: GBP17.00$c0$e01-apr-2006$fGBP17.00$g0$hC$5Uk
=ACF  \\$aPrevious Copyright Fee: GBP17.00$c0$e01-jan-2006$fGBP17.00$g0$hC$5Uk
=ACF  \\$aPrevious Copyright Fee: GBP17.00$c0$e01-oct-2005$fGBP17.00$g0$hC$5Uk
=ACF  \\$aPrevious Copyright Fee: GBP5.00$c0$e01-jul-2005$fGBP5.00$g0$hC$5Uk
=ACF  \\$aPrevious Copyright Fee: GBP5.00$c0$e01-apr-2005$fGBP5.00$g0$hC$5Uk
=ACF  \\$aPrevious Copyright Fee: GBP5.00$c0$e01-jan-2005$fGBP5.00$g0$hC$5Uk
=ACF  \\$aPrevious Copyright Fee: GBP5.00$c0$e01-oct-2004$fGBP5.00$g0$hC$5Uk
=ACF  \\$aPrevious copyright fee: GBP5.00$c0$e24-apr-2003$fGBP5.00$g0$hA$5Uk
=ACF  \\$aPrevious Copyright Fee: GBP17.00$c0$e01-oct-2010$fGBP17.00$g0$hC$5Uk
=ACF  \\$aPrevious copyright fee: GBP22.00$c35\0$e01-jan-2011$fGBP22.00$g0$hP$5Uk
=ACF  \\$aPrevious copyright fee: GBP24.00$c35\0$e01-mar-2015$fGBP24.00$g0$hP$5Uk
=ACF  \\$aPrevious copyright fee: GBP28.00$c35\0$e01-jan-2019$fGBP28.00$g0$hP$5Uk
=ACF  \\$aPrevious Copyright Fee: GBP32.00$c35\0$e01-jan-2020$fGBP32.00$g0$hP$5Uk
=ACF  \\$aPrevious Copyright Fee: GBP22.50$c0$e01-jan-2022$fGBP22.50$g0$hA$5Uk
=ACF  \\$aPrevious Copyright Fee: GBP32.00$c0$e01-apr-2022$fGBP32.00$g0$hC$5Uk
=CAT  \\$aWR09-126
=CAT  \\$a8874$b40$c20110825$lBLL01$h1005
=CAT  \\$aISSN$b40$c20111019$lBLL01$h0920
=CAT  \\$aBATCH-UPD$b40$c20120614$lBLL01$h2138
=CAT  \\$a8124$b40$c20121016$lBLL01$h1348
=CAT  \\$aBATCH-CLA$b00$c20121105$lBLL01$h1749
=CAT  \\$aWR13.005$c20130323$lBLL01$h1417
=CAT  \\$aWR14_140$c20140905$lBLL01$h1740
=CAT  \\$aBLDSS-3PM$b00$c20141214$lBLL01$h1519
=CAT  \\$aBATCH-UPD$b00$c20150215$lBLL01$h1653
=CAT  \\$aIPL-CLA$c20150228$lBLL01$h2043
=CAT  \\$a7778$b40$c20150728$lBLL01$h1335
=CAT  \\$a7778$b40$c20161028$lBLL01$h0915
=CAT  \\$aBATCH-UPD$b40$c20180219$lBLL01$h1742
=CAT  \\$aBATCH-UPD$b40$c20181121$lBLL01$h1619
=CAT  \\$aIPL-CLA$c20181231$lBLL01$h1536
=CAT  \\$aR1911-0245$c20191127$lBLL01$h0822
=CAT  \\$aR1911-0245$c20191127$lBLL01$h1044
=CAT  \\$aIPL-CLA$c20191231$lBLL01$h1817
=CAT  \\$a12654$b40$c20211026$lBLL01$h0906
=CAT  \\$aIPL-CLA$c20211231$lBLL01$h1538
=CAT  \\$aDEL-3PM$c20220105$lBLL01$h1525
=CAT  \\$aBATCH-CLA$b00$c20220304$lBLL01$h1533
=CAT  \\$aIPL-CLA$c20220331$lBLL01$h1951
=CAT  \\$aBATCH-CLA$b00$c20221130$lBLL01$h1431
=CAT  \\$aIPL-CLA$c20221231$lBLL01$h1438
=CAT  \\$aBATCH-CLA$b00$c20230209$lBLL01$h1518
=CAT  \\$aIPL-CLA$c20230209$lBLL01$h2333
=CFI  0\$aCurrent Copyright Fee: GBP32.00$c0$e09-feb-2023$fGBP32.00$g0$hC$5Uk
=CFI  2\$aBritish Library not licensed to copy$c0$e01-jan-2023$hC$iCFP Excluded$5Uk
=EST  \\$a2
=FIN  \\$aY
=FMT  \\$a  SE
=LAS  \\$aIPL-CLA$b00$c20230209$lBLL01$h2333
=LEO  \\$aMP5.0000028629
=LEO  \\$aMP10.0000466860
=LEO  \\$aMP13.0000239586
=LEO  \\$aMP22.0000068870
=SRC  \\$aBNB03$bbibmp5.200404.2.aa
=SRC  \\$aDSS01$bbibmp10.200404.2.aa
=SRC  \\$aHSS01$bbibmp13.200404.2.aa
=SRC  \\$aISN01$bbibmp22.200404.2.aa
=TCO  \\$aCLA$bCLA$c008
=TOC  \\$aETOC
=UNO  \\$aY

