=LDR  03364cas a22008173  4500
=001  010468224
=003  Uk
=005  20221231143919.0
=008  040409d20022003at\qr\p\\\\\\\0\\\a0eng\\
=019  c\$a2599257
=022  0\$a1444-1683
=040  \\$aUk$cUk$dUk
=222  \0$aAsia Pacific family medicine$b(Print)
=245  00$aAsia Pacific family medicine.
=310  \\$aQuarterly
=336  \\$atext$2rdacontent
=337  \\$aunmediated$2rdamedia
=338  \\$avolume$2rdacarrier
=540  \\$aCurrent Copyright Fee: GBP25.00$c0$5Uk
=776  08$iAlso issued online as:$tAsia Pacific family medicine (Online)$x1447-056X
=852  41$aBritish Library$bDSC$j1742.260375$3VOL. 2, 2003
=945  \\$aASIA PACIFIC FAMILY MEDICINE
=959  \\$fHeld but not currently received
=A02  \\$a2599257
=ACF  \\$aCurrent copyright fee: GBP13.00$c10\0$e01-apr-2003$fGBP13.00$g0$hP$5Uk
=ACF  \\$aCurrent copyright fee: GBP13.00$c10\3$e04-sep-2002$fGBP13.00$g0$hP$5Uk
=ACF  \\$aPrevious copyright fee: GBP15.00$c10\0$e01-apr-2004$fGBP15.00$g0$hP$5Uk
=ACF  \\$aPrevious copyright fee: GBP22.00$c10\0$e01-jan-2006$fGBP22.00$g0$hP$5Uk
=ACF  \\$aPrevious copyright fee: GBP24.00$c10\0$e01-mar-2015$fGBP24.00$g0$hP$5Uk
=ACF  \\$aPrevious copyright fee: zero$c22\1$e28-jan-2019$fGBP0.00$g0$hP$5Uk
=ACF  \\$aPrevious copyright fee: GBP28.00$c35\0$e01-jan-2019$fGBP28.00$g0$hP$5Uk
=ACF  \\$aPrevious copyright fee: GBP24.00$c35\0$e07-mar-2017$fGBP24.00$g0$hP$5Uk
=ACF  \\$aPrevious copyright fee: GBP17.50$c0$e17-apr-2019$fGBP17.50$g0$hA$5Uk
=ACF  \\$aPrevious Copyright Fee: GBP20.00$c0$e01-jan-2020$fGBP20.00$g0$hA$5Uk
=CAT  \\$aCONV$b00$c20040425$lBLL90$h0659
=CAT  \\$aWR13.005$c20130322$lBLL01$h2000
=CAT  \\$aBLDSS-3PM$b00$c20141214$lBLL01$h1520
=CAT  \\$aBATCH-UPD$b00$c20150215$lBLL01$h1621
=CAT  \\$aIPL-CLA$c20150228$lBLL01$h2044
=CAT  \\$a8323$b40$c20151026$lBLL01$h1407
=CAT  \\$aBATCH-UPD$b40$c20160413$lBLL01$h1809
=CAT  \\$aBATCH-UPD$b40$c20170304$lBLL01$h1056
=CAT  \\$aW1703-0316$c20170306$lBLL01$h1822
=CAT  \\$aW1703-0316$c20170307$lBLL01$h1646
=CAT  \\$aIPL-CLA$c20170307$lBLL01$h1823
=CAT  \\$aBATCH-UPD$b00$c20180219$lBLL01$h1742
=CAT  \\$aBATCH-UPD$b00$c20181121$lBLL01$h1619
=CAT  \\$aIPL-CLA$c20181231$lBLL01$h1536
=CAT  \\$a5552$b40$c20190128$lBLL01$h0958
=CAT  \\$aBATCH-UPD$b40$c20190129$lBLL01$h2353
=CAT  \\$a12654$b40$c20190417$lBLL01$h1539
=CAT  \\$aDEL-3PM$c20190424$lBLL01$h1558
=CAT  \\$a5552$b40$c20190509$lBLL01$h0840
=CAT  \\$aBATCH-CLA$b00$c20191219$lBLL01$h1657
=CAT  \\$aIPL-CLA$c20191231$lBLL01$h1823
=CAT  \\$aR2001-1524$c20200127$lBLL01$h1943
=CAT  \\$aBATCH-CLA$b00$c20201204$lBLL01$h1455
=CAT  \\$aIPL-CLA$c20201231$lBLL01$h1523
=CAT  \\$aBATCH-CLA$b00$c20221221$lBLL01$h1801
=CAT  \\$aIPL-CLA$c20221231$lBLL01$h1439
=CFI  0\$aCurrent Copyright Fee: GBP25.00$c0$e01-jan-2023$fGBP25.00$g0$hA$5Uk
=CFI  2\$aPrevious Copyright Fee: GBP22.50$c0$e01-jan-2021$fGBP22.50$g0$hA$5Uk
=EST  \\$a2
=FIN  \\$aY
=FMT  \\$a  SE
=LAS  \\$aIPL-CLA$b00$c20221231$lBLL01$h1439
=LEO  \\$aMP10.0000078273
=SRC  \\$aDSS01$bbibmp10.200404.2.aa
=TCO  \\$aAUS$bCAL$c008
=TOC  \\$aETOC
=UNO  \\$aY

