=LDR  08199cas a2201597 a 4500
=001  010468239
=003  Uk
=005  20230209233353.0
=008  970410c19969999enkar\p\\\g\\\0\\\a0eng\c
=010  \\$asn 97032870
=015  \\$a018458335$2dnb
=019  c\$a2553443
=022  0\$a1385-2140$202$l1385-2140
=030  \\$aAPJLFK
=035  \\$a(OCoLC)36713552$z(OCoLC)223409134$z(OCoLC)236237099
=040  \\$aNDL$beng$cNDL$dHVL$dNSD$dCAS$dSYS$dOCL$dOCLCQ$dCUS$dNLGGC$dAGL$dOCLCQ$dGBVCP$dOCLCA$dOCLCQ$dUk
=042  \\$aukblsr$aissnuk
=043  \\$aa------$ap------
=050  14$aK1$b.S738
=070  0\$aK3581.3$b.A85
=072  \0$aD500
=072  \0$aW000
=082  04$a344.5046$223
=210  0\$aAsia Pac. j. environ. law
=222  \0$aAsia Pacific journal of environmental law
=245  00$aAsia Pacific journal of environmental law.
=246  1\$iCitation title:$aAPJEL
=260  \\$aLondon ;$aBoston :$bKluwer Law International,$cc1996-
=264  31$32016-$aCheltenham, Glos. :$bEdward Elgar Publishing
=300  \\$av. ;$c24 cm.
=310  \\$aAnnual,$b2009-
=321  \\$aQuarterly,$b1996-2008
=336  \\$atext$2rdacontent
=337  \\$aunmediated$2rdamedia
=338  \\$avolume$2rdacarrier
=362  0\$aVol. 1, issues 1 & 2 (1996)-
=500  \\$aTitle from cover.
=500  \\$aPublished: Sydney, Australia: Australian Centre for Environmental Law (ACEL Sydney), <2004->
=540  \\$aCurrent Copyright Fee: GBP25.00$c0$5Uk
=588  \\$aLatest issue consulted: volume 19 (2016).
=650  \0$aEnvironmental law$zAsia$vPeriodicals.
=650  \0$aEnvironmental law$zPacific Area$vPeriodicals.
=776  08$iOnline version:$tAsia Pacific journal of environmental law$x1875-8258
=852  41$aBritish Library$bHMNTS$jZC.9.a.9582$3Vol. 19(2016)-vol. 22 (2019)***Title now taken as electronic copy only
=852  41$aBritish Library$bDSC$j1742.260687$3Volume 1, Issue 1/2 (1996), v. 2 (1997)-v. 23 (2020)
=945  \\$aASIA PACIFIC JOURNAL OF ENVIRONMENTAL LAW.
=959  \\$fHeld but not currently received
=963  \\$aVOL. 2, 1997- *A=1$bN$cU
=985  \\$aCorrected by MS generated file for WR# 12.018
=985  \\$aISSN UK Centre note: responsibility transferred from ISSN Netherlands 3.11.16.
=A02  \\$a2553443
=ACF  \\$aBritish Library not licensed to copy$c0$e01-apr-2012$hC$iCLA Excluded$5Uk
=ACF  \\$aBritish Library not licensed to copy$c0$e01-jan-2012$hC$iCLA Excluded$5Uk
=ACF  \\$aBritish Library not licensed to copy$c0$e01-oct-2011$hC$iCLA Excluded$5Uk
=ACF  \\$aBritish Library not licensed to copy$c0$e01-jul-2011$hC$iCLA Excluded$5Uk
=ACF  \\$aBritish Library not licensed to copy$c0$e01-apr-2011$hC$iCLA Excluded$5Uk
=ACF  \\$aBritish Library not licensed to copy$c0$e01-jan-2011$hC$iCLA Excluded$5Uk
=ACF  \\$aBritish Library not licensed to copy$c0$e01-oct-2010$hC$iCLA Excluded$5Uk
=ACF  \\$aBritish Library not licensed to copy$c0$e01-jul-2010$hC$iCLA Excluded$5Uk
=ACF  \\$aBritish Library not licensed to copy$c0$e01-apr-2010$hC$iCLA Excluded$5Uk
=ACF  \\$aBritish Library not licensed to copy$c0$e01-Jan-2010$hC$iCLA Excluded$5Uk
=ACF  \\$aBritish Library not licensed to copy$c0$e01-oct-2009$hC$iCLA Excluded$5Uk
=ACF  \\$aBritish Library not licensed to copy$c0$e01-jul-2009$hC$iCLA Excluded$5Uk
=ACF  \\$aBritish Library not licensed to copy$c0$e01-apr-2009$hC$iCLA Excluded$5Uk
=ACF  \\$aBritish Library not licensed to copy$c0$e01-jan-2009$hC$iCLA Excluded$5Uk
=ACF  \\$aBritish Library not licensed to copy$c0$e01-oct-2008$hC$iCLA Excluded$5Uk
=ACF  \\$aBritish Library not licensed to copy$c0$e01-jul-2008$hC$iCLA Excluded$5Uk
=ACF  \\$aBritish Library not licensed to copy$c0$e01-apr-2008$hC$iCLA Excluded$5Uk
=ACF  \\$aBritish Library not licensed to copy$c0$e01-jan-2008$hC$iCLA Excluded$5Uk
=ACF  \\$aBritish Library not licensed to copy$c0$e01-oct-2007$hC$iCLA Excluded$5Uk
=ACF  \\$aBritish Library not licensed to copy$c0$e01-jul-2007$hC$iCLA Excluded$5Uk
=ACF  \\$aBritish Library not licensed to copy$c0$e01-apr-2007$hC$iCLA Excluded$5Uk
=ACF  \\$aBritish Library not licensed to copy$c0$e01-jan-2007$hC$iCLA Excluded$5Uk
=ACF  \\$aBritish Library not licensed to copy$c0$e01-oct-2006$hC$iCLA Excluded$5Uk
=ACF  \\$aBritish Library not licensed to copy$c0$e01-jul-2006$hC$iCLA Excluded$5Uk
=ACF  \\$aBritish Library not licensed to copy$c0$e01-apr-2006$hC$iCLA Excluded$5Uk
=ACF  \\$aBritish Library not licensed to copy$c0$e01-jan-2006$hC$iCLA Excluded$5Uk
=ACF  \\$aBritish Library not licensed to copy$c0$e01-oct-2005$hC$iCLA Excluded$5Uk
=ACF  \\$aBritish Library not licensed to copy$c0$e01-jul-2005$hC$iCLA Excluded$5Uk
=ACF  \\$aBritish Library not licensed to copy$c0$e01-apr-2005$hC$iCLA Excluded$5Uk
=ACF  \\$aBritish Library not licensed to copy$c0$e01-jan-2005$hC$iCLA Excluded$5Uk
=ACF  \\$aPrevious Copyright Fee: GBP5.00$c0$e01-oct-2004$fGBP5.00$g0$hC$5Uk
=ACF  \\$aPrevious copyright fee: GBP10.00$c0$e01-apr-2004$fGBP10.00$g0$hC$5Uk
=ACF  \\$aCurrent copyright fee: GBP5.00$c0$e23-jan-2004$fGBP5.00$g0$hA$5Uk
=ACF  \\$aCurrent copyright fee: GBP14.71$c34\0$e01-jan-2004$fGBP14.71$g0$hP$5Uk
=ACF  \\$aBritish Library not licensed to copy$c0$e01-jul-2012$hC$iCLA Excluded$5Uk
=ACF  \\$aBritish Library not licensed to copy$c0$e01-oct-2012$hC$iCFP Excluded$5Uk
=ACF  \\$aBritish Library not licensed to copy$c0$e01-jan-2013$hC$iCFP Excluded$5Uk
=ACF  \\$aBritish Library not licensed to copy$c0$e01-apr-2013$hC$iCFP Excluded$5Uk
=ACF  \\$aBritish Library not licensed to copy$c0$e01-jul-2013$hC$iCFP Excluded$5Uk
=ACF  \\$aBritish Library not licensed to copy$c0$e01-oct-2013$hC$iCFP Excluded$5Uk
=ACF  \\$aBritish Library not licensed to copy$c0$e01-jan-2014$hC$iCFP Excluded$5Uk
=ACF  \\$aBritish Library not licensed to copy$c0$e01-apr-2014$hC$iCFP Excluded$5Uk
=ACF  \\$aBritish Library not licensed to copy$c0$e01-jul-2014$hC$iCFP Excluded$5Uk
=ACF  \\$aPrevious Copyright Fee: GBP17.50$c0$e01-jan-2019$fGBP17.50$g0$hC$5Uk
=ACF  \\$aPrevious Copyright Fee: GBP20.00$c0$e01-jan-2020$fGBP20.00$g0$hC$5Uk
=ACF  \\$aPrevious Copyright Fee: GBP22.50$c0$e01-jan-2021$fGBP22.50$g0$hC$5Uk
=CAT  \\$aCONV$b00$c20040425$lBLL90$h0659
=CAT  \\$a8201$b40$c20130819$lBLL01$h1603
=CAT  \\$aBATCH-CLA$b00$c20130830$lBLL01$h1629
=CAT  \\$aIPL-CLA$c20130930$lBLL01$h1730
=CAT  \\$aBATCH-CLA$b00$c20131129$lBLL01$h1657
=CAT  \\$aIPL-CLA$c20131231$lBLL01$h2110
=CAT  \\$aBATCH-CLA$b00$c20140228$lBLL01$h1617
=CAT  \\$aIPL-CLA$c20140331$lBLL01$h1621
=CAT  \\$aBATCH-CLA$b00$c20140530$lBLL01$h1713
=CAT  \\$aIPL-CLA$c20140630$lBLL01$h1708
=CAT  \\$a5410$b40$c20150311$lBLL01$h1603
=CAT  \\$a3072$b40$c20160824$lBLL01$h1502
=CAT  \\$a10973$b40$c20161028$lBLL01$h1605
=CAT  \\$a10973$b40$c20161031$lBLL01$h1007
=CAT  \\$a10973$b40$c20161103$lBLL01$h1017
=CAT  \\$a10973$b40$c20161103$lBLL01$h1018
=CAT  \\$a10806$b40$c20161221$lBLL01$h1636
=CAT  \\$aBATCH-CLA$b00$c20181130$lBLL01$h1604
=CAT  \\$aIPL-CLA$c20181231$lBLL01$h1536
=CAT  \\$aBATCH-CLA$b00$c20191129$lBLL01$h1614
=CAT  \\$aIPL-CLA$c20191231$lBLL01$h1823
=CAT  \\$aBATCH-CLA$b00$c20201126$lBLL01$h1411
=CAT  \\$aIPL-CLA$c20201231$lBLL01$h1523
=CAT  \\$a6558$b40$c20211207$lBLL01$h1505
=CAT  \\$aBATCH-CLA$b00$c20221130$lBLL01$h1422
=CAT  \\$aIPL-CLA$c20221231$lBLL01$h1439
=CAT  \\$aBATCH-CLA$b00$c20230209$lBLL01$h1509
=CAT  \\$aIPL-CLA$c20230209$lBLL01$h2333
=CFI  0\$aCurrent Copyright Fee: GBP25.00$c0$e09-feb-2023$fGBP25.00$g0$hC$5Uk
=CFI  2\$aBritish Library not licensed to copy$c0$e01-jan-2023$hC$iCFP Excluded$5Uk
=EST  \\$a2
=FIN  \\$aY
=FMT  \\$a  SE
=LAS  \\$aIPL-CLA$b00$c20230209$lBLL01$h2333
=LEO  \\$aMP10.0000078307
=SID  \\$aZ39$bOCLC
=SRC  \\$aDSS01$bbibmp10.200404.2.aa
=TCO  \\$aNLD$bSTICHTING REPRORECHT$c008
=TOC  \\$aETOC

