=LDR  05332cas a2201153   4500
=001  010471527
=003  Uk
=005  20230209233354.0
=007  ta
=008  040409d19872017enkfr\p\\\\\\\0\\\a0eng\\
=019  c\$a2370650
=022  0\$a1030-0112$202
=040  \\$aUk$beng$cUk$dUk
=042  \\$aukblsr$aissnuk
=082  04$a371.9$222
=222  \0$aAustralasian journal of special education
=245  00$aAustralasian journal of special education.
=246  13$aAJSE
=260  \\$aBedford Park, S. Aust :$bAASE,$c1987-2017.
=260  2\$a[Abingdon] :$bRoutledge
=260  2\$aBowen Hills :$bAustralian Academic Press
=264  31$aCambridge, United Kingdom :$bCambridge University Press on behalf of the Australian Association for Special Education
=300  \\$a31 volumes :$bill. ;$c24 cm.
=310  \\$aSemiannual
=336  \\$atext$2rdacontent
=337  \\$aunmediated$2rdamedia
=338  \\$avolume$2rdacarrier
=362  1\$aBegan in 1987; ceased in 2017.
=540  \\$aCurrent Copyright Fee: GBP20.00$c0$5Uk
=550  \\$a"Journal of the Australian Association for Special Education."
=588  \\$aLatest issue consulted: volume 39, issue 1 (July 2015).
=595  \\$aSEE ALSO CARD INDEX.
=650  \0$aExceptional children$vPeriodicals.
=650  \0$aChildren with disabilities$vPeriodicals.
=690  7\$aSocial Welfare$2blcoll
=710  2\$aAustralian Association for Special Education.
=776  08$iAlso issued online as:$tAustralasian journal of special education (Online)$x1833-6914
=780  00$tAustralian journal of special education$x0157-7379
=785  00$tAustralasian journal of special and inclusive education$x2515-0731
=852  41$aBritish Library$bDSC$j1795.170000$3Vol.11, No.2 (1987)-Vol.12 (1988)-Vol.32, No.2 (2008)
=945  \\$aAustralasian journal of special education
=959  \\$fHeld but not currently received
=985  \\$aCorrected by MS generated file for WR# 12.018
=985  \\$aISSN note: responsibility for ISSN transferred from Australia to UK with permission (multinational publisher agreement). 27.08.15.
=A02  \\$a2370650
=ACF  \\$aPrevious copyright fee: GBP12.00$c0$e01-jan-2012$fGBP12.00$g0$hA$5Uk
=ACF  \\$aPrevious copyright fee: GBP10.50$c0$e01-jan-2011$fGBP10.50$g0$hA$5Uk
=ACF  \\$aPrevious copyright fee: GBP9.00$c0$e06-jan-2010$fGBP9.00$g0$hA$5Uk
=ACF  \\$aPrevious copyright fee: GBP21.00$c2\0$e01-jan-2010$fGBP21.00$g0$hP$5Uk
=ACF  \\$aPrevious copyright fee: GBP20.00$c2\0$e01-jan-2009$fGBP20.00$g0$hP$5Uk
=ACF  \\$aPrevious copyright fee: GBP19.00$c2\0$e01-apr-2008$fGBP19.00$g0$hP$5Uk
=ACF  \\$aPrevious Copyright Fee: GBP20.00$c2\0$e07-dec-2007$fGBP20.00$g0$hP$5Uk
=ACF  \\$aPrevious copyright fee: GBP5.00$c0$e01-jul-2001$fGBP5.00$g0$hC$5Uk
=ACF  \\$aPrevious copyright fee: GBP2.50$c0$e01-jul-1998$fGBP2.50$g0$hC$5Uk
=ACF  \\$aPrevious copyright fee: GBP2.30$c0$e01-apr-1997$fGBP2.30$g0$hC$5Uk
=ACF  \\$aCurrent Copyright Fee: GBP20.00$c0$e01-jul-2012$fGBP20.00$g0$hC$5Uk
=ACF  \\$aPrevious copyright fee: GBP20.00$c43\0$e02-aug-2012$fGBP20.00$g0$hP$5Uk
=ACF  \\$aPrevious copyright fee: GBP25.00$c43\0$e01-jul-2016$fGBP25.00$g0$hP$5Uk
=ACF  \\$aPrevious Copyright Fee: GBP17.50$c0$e01-apr-2019$fGBP17.50$g0$hA$5Uk
=ACF  \\$aPrevious Copyright Fee: GBP20.00$c0$e01-jul-2019$fGBP20.00$g0$hC$5Uk
=CAT  \\$aCONV$b00$c20040425$lBLL90$h0659
=CAT  \\$aBATCH-UPD$b00$c20120614$lBLL01$h2118
=CAT  \\$aIPL-CLA$c20120629$lBLL01$h1012
=CAT  \\$aBLSS-CORR$b00$c20120724$lBLL01$h1757
=CAT  \\$aBATCH-SWP$c20120727$lBLL01$h2248
=CAT  \\$a8439$b40$c20120802$lBLL01$h1414
=CAT  \\$a8439$b40$c20120802$lBLL01$h1419
=CAT  \\$aBATCH-UPD$b40$c20121105$lBLL01$h1135
=CAT  \\$aBATCH-CLA$b00$c20121105$lBLL01$h1745
=CAT  \\$aBLDSS-3PM$b00$c20141208$lBLL01$h1623
=CAT  \\$a11205$b40$c20150821$lBLL01$h1053
=CAT  \\$a11315$b40$c20150821$lBLL01$h1146
=CAT  \\$a11315$b40$c20150827$lBLL01$h1106
=CAT  \\$aBATCH-UPD$b40$c20160413$lBLL01$h1809
=CAT  \\$a5552$b40$c20160603$lBLL01$h1033
=CAT  \\$aIPL-CLA$c20160630$lBLL01$h1604
=CAT  \\$a10806$b40$c20181207$lBLL01$h0858
=CAT  \\$a10806$b40$c20181207$lBLL01$h0900
=CAT  \\$aW1902-1304$c20190314$lBLL01$h1238
=CAT  \\$aBATCH-UPD$b00$c20190314$lBLL01$h1617
=CAT  \\$aIPL-CLA$c20190331$lBLL01$h1723
=CAT  \\$aDEL-3PM$c20190409$lBLL01$h0904
=CAT  \\$aBATCH-CLA$b00$c20190531$lBLL01$h1623
=CAT  \\$aIPL-CLA$c20190630$lBLL01$h1528
=CAT  \\$aBATCH-CLA$b00$c20221130$lBLL01$h1451
=CAT  \\$aIPL-CLA$c20221231$lBLL01$h1439
=CAT  \\$aBATCH-CLA$b00$c20230209$lBLL01$h1537
=CAT  \\$aIPL-CLA$c20230209$lBLL01$h2333
=CFI  0\$aCurrent Copyright Fee: GBP20.00$c0$e09-feb-2023$fGBP20.00$g0$hC$5Uk
=CFI  2\$aBritish Library not licensed to copy$c0$e01-jan-2023$hC$iCFP Excluded$5Uk
=EST  \\$a2
=FIN  \\$aY
=FMT  \\$a  SE
=LAS  \\$aIPL-CLA$b00$c20230209$lBLL01$h2333
=LEO  \\$aMP10.0000082934
=LKR  \\$aPAR$b014406596$lBLL01$nAustralasian journal of special education (Online)$mAustralasian journal of special education (Print)$r776
=SRC  \\$aDSS01$bbibmp10.200404.2.aa
=TCO  \\$aAUS$bCAL$c008
=TOC  \\$aETOC

