=LDR  03875cas a22009013  4500
=001  010474818
=003  Uk
=005  20230209233355.0
=007  ta
=008  040409c19889999au\mr\p\\\\\\\0\\\b0ger\\
=019  c\$a2374064
=022  0\$a1015-1516
=040  \\$aUk$cUk$dUk
=222  \0$aBank-Archiv
=245  00$aBank-archiv.
=310  \\$aMonthly
=336  \\$atext$2rdacontent
=337  \\$aunmediated$2rdamedia
=338  \\$avolume$2rdacarrier
=540  \\$aCurrent Copyright Fee: GBP29.95$c0$5Uk
=595  \\$aFORMERLY 6311.8 CHANGE BETWEEN JG. 35(11), 1987 AND 36, 1988.
=776  08$iAlso issued online as:$tBank-archiv (Online)
=852  41$aBritish Library$bDSC$j1861.762830$3JG. 36, 1988- 47(5), 1999
=945  \\$aBANK ARCHIV -WIEN-
=959  \\$fHeld but not currently received
=A02  \\$a2374064
=ACF  \\$aPrevious copyright fee: GBP22.00$c23\6$e01-apr-2009$fGBP22.00$g0$hP$5Uk
=ACF  \\$aPrevious copyright fee: GBP21.25$c23\6$e01-jan-2009$fGBP21.25$g0$hP$5Uk
=ACF  \\$aPrevious copyright fee: GBP16.75$c23\6$e01-jan-2007$fGBP16.75$g0$hP$5Uk
=ACF  \\$aPrevious copyright fee: GBP16.22$c23\6$e01-oct-2006$fGBP16.22$g0$hP$5Uk
=ACF  \\$aPrevious copyright fee: GBP17.14$c23\6$e01-apr-2006$fGBP17.14$g0$hP$5Uk
=ACF  \\$aPrevious copyright fee: GBP16.67$c23\6$e01-jan-2006$fGBP16.67$g0$hP$5Uk
=ACF  \\$aPrevious copyright fee: GBP16.22$c23\6$e01-apr-2005$fGBP16.22$g0$hP$5Uk
=ACF  \\$aPrevious copyright fee: GBP16.67$c23\6$e01-jan-2005$fGBP16.67$g0$hP$5Uk
=ACF  \\$aPrevious copyright fee: GBP18.92$c23\6$e29-nov-2004$fGBP18.92$g0$hP$5Uk
=ACF  \\$aCurrent copyright fee: GBP5.00$c0$e01-jul-2002$fGBP5.00$g0$hC$5Uk
=ACF  \\$aCurrent copyright fee: GBP2.50$c0$e01-jul-1998$fGBP2.50$g0$hC$5Uk
=ACF  \\$aCurrent copyright fee: GBP2.30$c0$e01-apr-1997$fGBP2.30$g0$hC$5Uk
=ACF  \\$aPrevious copyright fee: GBP22.00$c0$e01-jul-2012$fGBP22.00$g0$hC$5Uk
=ACF  \\$aPrevious Copyright Fee: GBP22.00$c0$e01-oct-2012$fGBP22.00$g0$hC$5Uk
=ACF  \\$aPrevious Copyright Fee: GBP29.95$c0$e01-jan-2013$fGBP29.95$g0$hC$5Uk
=CAT  \\$aCONV$b00$c20040425$lBLL90$h0659
=CAT  \\$aBATCH-UPD$b00$c20081119$lBLL01$h1531
=CAT  \\$aBATCH-UPD$b00$c20081231$lBLL01$h2240
=CAT  \\$aBATCH-UPD$b00$c20090101$lBLL01$h0020
=CAT  \\$aBATCH$b00$c20090101$lBLL01$h0154
=CAT  \\$aBATCH-UPD$b00$c20090319$lBLL01$h1040
=CAT  \\$aBATCH-UPD$b00$c20090331$lBLL01$h2240
=CAT  \\$aBATCH-UPD$b00$c20090401$lBLL01$h0014
=CAT  \\$aBATCH$b00$c20090401$lBLL01$h0142
=CAT  \\$aBATCH$b00$c20091210$lBLL01$h0157
=CAT  \\$aBATCH$b00$c20091214$lBLL01$h0547
=CAT  \\$aBATCH$b00$c20091216$lBLL01$h0142
=CAT  \\$a5552$b40$c20120606$lBLL01$h1439
=CAT  \\$a5552$b40$c20120606$lBLL01$h1442
=CAT  \\$aIPL-CLA$c20120629$lBLL01$h1012
=CAT  \\$aBATCH-CLA$b00$c20120831$lBLL01$h1540
=CAT  \\$aIPL-CLA$c20120930$lBLL01$h2040
=CAT  \\$aBATCH-CLA$b00$c20121105$lBLL01$h1744
=CAT  \\$aBATCH-CLA$b00$c20121130$lBLL01$h1244
=CAT  \\$aIPL-CLA$c20121231$lBLL01$h1257
=CAT  \\$aIPL-CLA$c20130102$lBLL01$h1706
=CAT  \\$a12654$b40$c20130109$lBLL01$h0919
=CAT  \\$aWR13.005$c20130322$lBLL01$h2003
=CAT  \\$a8124$b40$c20151008$lBLL01$h1028
=CAT  \\$aBATCH-CLA$b00$c20221130$lBLL01$h1440
=CAT  \\$aIPL-CLA$c20221231$lBLL01$h1439
=CAT  \\$aBATCH-CLA$b00$c20230209$lBLL01$h1528
=CAT  \\$aIPL-CLA$c20230209$lBLL01$h2333
=CFI  0\$aCurrent Copyright Fee: GBP29.95$c0$e09-feb-2023$fGBP29.95$g0$hC$5Uk
=CFI  2\$aBritish Library not licensed to copy$c0$e01-jan-2023$hC$iCFP Excluded$5Uk
=EST  \\$a2
=FIN  \\$aY
=FMT  \\$a  SE
=LAS  \\$aIPL-CLA$b00$c20230209$lBLL01$h2333
=LEO  \\$aMP10.0000087556
=SRC  \\$aDSS01$bbibmp10.200404.2.aa
=TCO  \\$aXXX$c008

