=LDR  03567cas a22008417a 4500
=001  010482344
=003  Uk
=005  20221231143940.0
=008  040505d20032004at\mn\p\\\\\\\0\\\a0eng\\
=019  c\$a3019733
=022  0\$a1479-697X$202
=040  \\$aUk$beng$cUk
=042  \\$aissnuk
=222  \0$aJBI reports$b(Print)
=245  00$aJBI reports.
=246  3\$aJoanna Briggs Institute reports
=260  \\$aVictoria:$bPublished on behalf of the Joanna Briggs Institute, by Blackwell Publishing Asia,$c2003-2004
=310  \\$aMonthly
=336  \\$atext$2rdacontent
=337  \\$aunmediated$2rdamedia
=338  \\$avolume$2rdacarrier
=540  \\$aCurrent Copyright Fee: GBP25.00$c0$5Uk
=710  2\$aJoanna Briggs Institute for Evidence Based Nursing and Midwifery.
=776  0\$tJBI reports$c(Online)$x1479-6988
=785  00$tInternational journal of evidence-based healthcare$x1744-1595
=852  41$aBritish Library$bDSC$j4663.436200$3Volume 1, Issue 1 (2003)-Volume 2, Issue 10 (2004)
=945  \\$aJBI reports
=959  \\$fHeld but not currently received
=A02  \\$a3019733
=ACF  \\$aCurrent copyright fee: GBP13.00$c10\0$e19-sep-2003$fGBP13.00$g0$hP$5Uk
=ACF  \\$aPrevious copyright fee: GBP15.00$c10\0$e01-apr-2004$fGBP15.00$g0$hP$5Uk
=ACF  \\$aPrevious copyright fee: GBP12.00$c0$e01-jan-2014$fGBP12.00$g0$hA$5Uk
=ACF  \\$aPrevious copyright fee: GBP22.00$c10\0$e01-jan-2006$fGBP22.00$g0$hP$5Uk
=ACF  \\$aPrevious copyright fee: GBP12.30$c0$e25-feb-2015$fGBP12.30$g0$hA$5Uk
=ACF  \\$aPrevious Copyright Fee: GBP15.00$c0$e01-jan-2017$fGBP15.00$g0$hA$5Uk
=ACF  \\$aPrevious Copyright Fee: GBP17.50$c0$e01-jan-2018$fGBP17.50$g0$hA$5Uk
=ACF  \\$aPrevious Copyright Fee: GBP20.00$c0$e01-jan-2020$fGBP20.00$g0$hA$5Uk
=CAT  \\$aCONV$b00$c20040425$lBLL90$h0705
=CAT  \\$a3072$b40$c20060614$lBLL01$h1652
=CAT  \\$aBATCH-UPD$b40$c20060901$lBLL01$h0944
=CAT  \\$aBATCH-UPD$b40$c20060901$lBLL01$h1023
=CAT  \\$a6550$b40$c20061103$lBLL01$h1743
=CAT  \\$aBATCH$b00$c20091210$lBLL01$h0200
=CAT  \\$aBATCH$b00$c20091214$lBLL01$h0548
=CAT  \\$aBATCH$b00$c20091216$lBLL01$h0143
=CAT  \\$aBATCH-CLA$b00$c20121105$lBLL01$h1743
=CAT  \\$aWR12_168$c20121206$lBLL01$h1812
=CAT  \\$aWR13.005$c20130322$lBLL01$h2006
=CAT  \\$a5552$b40$c20131009$lBLL01$h1158
=CAT  \\$aIPL-CLA$c20131231$lBLL01$h2118
=CAT  \\$a5552$b40$c20150225$lBLL01$h0832
=CAT  \\$aBATCH-UPD$b40$c20150423$lBLL01$h1912
=CAT  \\$aBATCH-CLA$b00$c20161222$lBLL01$h1733
=CAT  \\$aIPL-CLA$c20161230$lBLL01$h1942
=CAT  \\$aBATCH-CLA$b00$c20171222$lBLL01$h2037
=CAT  \\$aIPL-CLA$c20171231$lBLL01$h1512
=CAT  \\$aBATCH-CLA$b00$c20191219$lBLL01$h1659
=CAT  \\$aIPL-CLA$c20191231$lBLL01$h1827
=CAT  \\$aR2001-1524$c20200127$lBLL01$h1944
=CAT  \\$aBATCH-CLA$b00$c20201204$lBLL01$h1457
=CAT  \\$aIPL-CLA$c20201231$lBLL01$h1524
=CAT  \\$aBATCH-CLA$b00$c20221221$lBLL01$h1803
=CAT  \\$aIPL-CLA$c20221231$lBLL01$h1439
=CFI  0\$aCurrent Copyright Fee: GBP25.00$c0$e01-jan-2023$fGBP25.00$g0$hA$5Uk
=CFI  2\$aPrevious Copyright Fee: GBP22.50$c0$e01-jan-2021$fGBP22.50$g0$hA$5Uk
=EST  \\$a2
=FIN  \\$aY
=FMT  \\$a  SE
=LAS  \\$aIPL-CLA$b00$c20221231$lBLL01$h1439
=LEO  \\$aMP10.0000310457
=LKR  \\$aPAR$b012915752$lBLL01$y78500$mJBI reports (Print)$nInternational journal of evidence-based healthcare (Print)
=SRC  \\$aDSS01$bbibmp10.200404.2.aa
=TCO  \\$aAUS$bCAL$c008

