=LDR  04902cas a2201153 a 4500
=001  010489656
=003  Uk
=005  20230209233408.0
=008  950330c19959999gw\qr\p\\\\\\\0\\\\0eng\c
=010  \\$asn 95043374
=019  c\$a2518302
=022  \\$a1104-6899$l1104-6899
=035  \\$a(OCoLC)32223673
=040  \\$aEQF$cEQF$dWAU$dGUA$dAGL$dOCL$dOCLCQ$dGUA$dNLGGC$dGUA$dOCLCQ$dCUS$dUk
=042  \\$aukblsr
=050  14$aSD393$b.J68
=070  0\$aSD393$b.J68
=072  \0$aK200
=082  04$a333$222
=210  0\$aJ. forest econ.
=222  \0$aJournal of forest economics
=245  00$aJournal of forest economics.
=246  30$aForest economics
=260  \\$aUmeå :$bUmeå Forest University Press,$c1995-
=300  \\$av. :$bill. ;$c24 cm.
=310  \\$aQuarterly,$b2004-
=321  \\$aThree times a year,$b1995-2003
=336  \\$atext$2rdacontent
=337  \\$aunmediated$2rdamedia
=338  \\$avolume$2rdacarrier
=362  0\$aVol. 1, no. 1 (1995)-
=500  \\$aTitle from cover.
=500  \\$aImprint varies: Jena, Germany : Elsevier GmbH, <2004->
=500  \\$aLatest issue consulted: Vol. 10, no. 1 (2004).
=540  \\$aCurrent Copyright Fee: GBP34.00$c0$5Uk
=650  \0$aForests and forestry$xEconomic aspects$vPeriodicals.
=650  \0$aForest products industry$vPeriodicals.
=650  17$aBosbouw.$2gtt
=650  17$aEconomische aspecten.$2gtt
=690  7\$aManagement and Business Studies$2blcoll
=776  08$iOnline version:$tJournal of forest economics (Online)$x1618-1530
=852  41$aBritish Library$bDSC$j4984.650000$3Vol. 1, no. 1 (1995)-v. 15, no. 4 (2009)***UKRR Retained Title
=945  \\$aJOURNAL OF FOREST ECONOMICS.
=959  \\$fHeld but not currently received
=985  \\$aCorrected by MS generated file for WR# 12.018
=A02  \\$a2518302
=ACF  \\$aPrevious copyright fee: GBP19.00$c5\1$e01-jan-2008$fGBP19.00$g0$hP$5Uk
=ACF  \\$aPrevious Copyright Fee: GBP18.00$c5\1$e19-jul-2005$fGBP18.00$g0$hP$5Uk
=ACF  \\$aPrevious Copyright Fee: GBP9.73$c0$e01-jul-2005$fGBP9.73$g0$hC$5Uk
=ACF  \\$aPrevious Copyright Fee: GBP9.73$c0$e01-apr-2005$fGBP9.73$g0$hC$5Uk
=ACF  \\$aPrevious Copyright Fee: GBP10.00$c0$e01-jan-2005$fGBP10.00$g0$hC$5Uk
=ACF  \\$aPrevious Copyright Fee: GBP9.73$c0$e01-oct-2004$fGBP9.73$g0$hC$5Uk
=ACF  \\$aPrevious copyright fee: GBP9.73$c0$e01-apr-2004$fGBP9.73$g0$hC$5Uk
=ACF  \\$aCurrent copyright fee: GBP10.59$c0$e01-jan-2004$fGBP10.59$g0$hC$5Uk
=ACF  \\$aCurrent copyright fee: GBP11.25$c0$e01-jan-2003$fGBP11.25$g0$hC$5Uk
=ACF  \\$aPrevious copyright fee: GBP20.00$c5\1$e01-jan-2009$fGBP20.00$g0$hP$5Uk
=ACF  \\$aPrevious copyright fee: GBP21.00$c5\1$e01-jan-2012$fGBP21.00$g0$hP$5Uk
=ACF  \\$aPrevious copyright fee: GBP23.40$c5\1$e01-jan-2018$fGBP23.40$g0$hP$5Uk
=ACF  \\$aPrevious copyright fee: GBP22.50$c5\1$e01-jan-2013$fGBP22.50$g0$hP$5Uk
=ACF  \\$aPrevious copyright fee: GBP17.50$c0$e16-apr-2019$fGBP17.50$g0$hA$5Uk
=ACF  \\$aPrevious Copyright Fee: GBP23.40$c0$e01-oct-2019$fGBP23.40$g0$hC$5Uk
=ACF  \\$aPrevious Copyright Fee: GBP34.00$c0$e01-jan-2022$fGBP34.00$g0$hC$5Uk
=CAT  \\$aCONV$b00$c20040425$lBLL90$h0705
=CAT  \\$aBATCH-UPD$b40$c20111123$lBLL01$h1851
=CAT  \\$aIPL-CLA$c20111230$lBLL01$h1847
=CAT  \\$aBATCH-UPD$b00$c20120614$lBLL01$h2120
=CAT  \\$aBLSS-CORR$b00$c20120724$lBLL01$h1757
=CAT  \\$aBATCH-MBS$c20120727$lBLL01$h2105
=CAT  \\$aBATCH-CLA$b00$c20121105$lBLL01$h1742
=CAT  \\$aBATCH-UPD$b00$c20121121$lBLL01$h1654
=CAT  \\$aIPL-CLA$c20121231$lBLL01$h1258
=CAT  \\$aIPL-CLA$c20130102$lBLL01$h1707
=CAT  \\$aWR13.005$c20130322$lBLL01$h2010
=CAT  \\$aBLDSS-3PM$b00$c20141222$lBLL01$h1711
=CAT  \\$aBATCH-UPD$b00$c20160413$lBLL01$h1810
=CAT  \\$aBATCH-UPD$b00$c20170304$lBLL01$h1100
=CAT  \\$aBATCH-UPD$b00$c20171121$lBLL01$h1740
=CAT  \\$aIPL-CLA$c20171231$lBLL01$h1514
=CAT  \\$a12654$b40$c20190416$lBLL01$h1345
=CAT  \\$aDEL-3PM$c20190424$lBLL01$h1558
=CAT  \\$aBATCH-CLA$b00$c20190909$lBLL01$h1712
=CAT  \\$aIPL-CLA$c20190930$lBLL01$h1632
=CAT  \\$aBATCH-CLA$b00$c20211203$lBLL01$h0819
=CAT  \\$aIPL-CLA$c20211231$lBLL01$h1539
=CAT  \\$aBATCH-CLA$b00$c20221130$lBLL01$h1454
=CAT  \\$aIPL-CLA$c20221231$lBLL01$h1440
=CAT  \\$aBATCH-CLA$b00$c20230209$lBLL01$h1541
=CAT  \\$aIPL-CLA$c20230209$lBLL01$h2334
=CFI  0\$aCurrent Copyright Fee: GBP34.00$c0$e09-feb-2023$fGBP34.00$g0$hC$5Uk
=CFI  2\$aBritish Library not licensed to copy$c0$e01-jan-2023$hC$iCFP Excluded$5Uk
=EST  \\$a2
=FIN  \\$aY
=FMT  \\$a  SE
=LAS  \\$aIPL-CLA$b00$c20230209$lBLL01$h2334
=LEO  \\$aMP10.0000321753
=SID  \\$aZ39$bOCLC
=SRC  \\$aDSS01$bbibmp10.200404.2.aa
=TCO  \\$aXXX$c008
=TOC  \\$aETOC

