=LDR  05971cas a22012857a 4500
=001  010490464
=003  Uk
=005  20230209233410.0
=007  ta
=008  930818c19939999enkqr\p\\\g\\\0\\\a0eng\\
=019  c\$a2484244
=022  0\$a1073-1105$202
=040  \\$aUk$beng$cUk$dUk
=042  \\$aissnuk$aukblsr
=082  04$a344.041$222
=210  0\$aJ. law med. ethics
=222  \4$aThe Journal of law, medicine & ethics
=245  04$aThe Journal of law, medicine & ethics :$ba journal of the American Society of Law, Medicine & Ethics.
=246  30$aJournal of law, medicine and ethics
=246  30$aJLME
=260  \\$aBoston, Ma. :$bAmerican Society of Law, Medicine & Ethics,$c1993-
=260  2\$32006-$aOxford :$bBlackwell
=260  2\$a[Thousand Oaks] :$bSAGE
=264  31$a[Cambridge] :$bCambridge University Press
=300  \\$av. :$bill. ;$c28 cm.
=310  \\$aQuarterly
=336  \\$atext$2rdacontent
=337  \\$aunmediated$2rdamedia
=338  \\$avolume$2rdacarrier
=362  0\$aVol. 21: 1 (spring 1993)-
=540  \\$aCurrent Copyright Fee: GBP22.50$c0$5Uk
=588  \\$aLatest issue consulted: volume 49:1 (spring 2021).
=595  \\$aFORMERLY 5161.4065 UP TO VOL. 20(4), 1992.
=650  \0$aMedical laws and legislation$zUnited States$vPeriodicals.
=650  \0$aMedical care$xLaw and legislation$zUnited States$vPeriodicals.
=650  \0$aMedical ethics$vPeriodicals.
=710  2\$aAmerican Society of Law, Medicine & Ethics.
=776  0\$tJournal of law, medicine & ethics (Online)$x1748-720X
=780  00$tLaw, medicine & health care$x0277-8459
=852  41$aBritish Library$bDSC$j5010.195000$3Vol. 21 (1993)-v. 37 (2009)
=945  \\$aJOURNAL OF LAW MEDICINE AND ETHICS.
=959  \\$fHeld but not currently received
=963  \\$aCA/U13 VOL. 21, 1993- *A=1$bN
=985  \\$aCorrected by MS generated file for WR# 12.018
=985  \\$aResponsibility for ISSN taken by ISSN UK from NSDP, 13/11/06
=A02  \\$a2484244
=ACF  \\$aPrevious Copyright Fee: GBP16.00$c10\0$e01-jan-2006$fGBP16.00$g0$hP$5Uk
=ACF  \\$aPrevious Copyright Fee: GBP13.51$c0$e01-oct-2005$fGBP13.51$g0$hC$5Uk
=ACF  \\$aPrevious Copyright Fee: GBP13.89$c0$e01-jan-2005$fGBP13.89$g0$hC$5Uk
=ACF  \\$aPrevious Copyright Fee: GBP13.51$c0$e01-oct-2004$fGBP13.51$g0$hC$5Uk
=ACF  \\$aPrevious copyright fee: GBP13.51$c0$e01-apr-2004$fGBP13.51$g0$hC$5Uk
=ACF  \\$aCurrent copyright fee: GBP14.71$c0$e01-jan-2004$fGBP14.71$g0$hC$5Uk
=ACF  \\$aCurrent copyright fee: GBP15.63$c0$e01-jan-2003$fGBP15.63$g0$hC$5Uk
=ACF  \\$aPrevious copyright fee: GBP17.00$c10\0$e01-jan-2009$fGBP17.00$g0$hP$5Uk
=ACF  \\$aPrevious copyright fee: GBP24.00$c10\0$e01-mar-2015$fGBP24.00$g0$hP$5Uk
=ACF  \\$aPrevious copyright fee: GBP22.00$c10\0$e01-jan-2011$fGBP22.00$g0$hP$5Uk
=ACF  \\$aPrevious copyright fee: GBP23.23$c103\0$e23-feb-2016$fGBP23.23$g0$hP$5Uk
=ACF  \\$aPrevious copyright fee: GBP27.59$c103\0$e01-apr-2016$fGBP27.59$g0$hP$5Uk
=ACF  \\$aPrevious copyright fee: GBP29.63$c103\0$e01-oct-2016$fGBP29.63$g0$hP$5Uk
=ACF  \\$aPrevious copyright fee: GBP30.77$c103\0$e01-oct-2017$fGBP30.77$g0$hP$5Uk
=ACF  \\$aPrevious copyright fee: GBP32.00$c103\0$e01-apr-2017$fGBP32.00$g0$hP$5Uk
=ACF  \\$aPrevious copyright fee: GBP27.69$c103\0$e12-mar-2018$fGBP27.69$g0$hP$5Uk
=ACF  \\$aPrevious copyright fee: GBP25.71$c103\0$e01-apr-2018$fGBP25.71$g0$hP$5Uk
=ACF  \\$aPrevious copyright fee: GBP27.69$c103\0$e01-oct-2018$fGBP27.69$g0$hP$5Uk
=ACF  \\$aPrevious copyright fee: GBP29.08$c103\0$e01-jul-2019$fGBP29.08$g0$hP$5Uk
=ACF  \\$aPrevious copyright fee: GBP30.24$c103\0$e01-oct-2019$fGBP30.24$g0$hP$5Uk
=ACF  \\$aPrevious copyright fee: GBP30.29$c103\0$e01-apr-2020$fGBP30.29$g0$hP$5Uk
=ACF  \\$aPrevious copyright fee: GBP31.50$c103\0$e01-jul-2020$fGBP31.50$g0$hP$5Uk
=ACF  \\$aPrevious copyright fee: GBP22.50$c0$e01-jan-2021$fGBP22.50$g0$hA$5Uk
=ACF  \\$aBritish Library not licensed to copy$c0$e01-apr-2021$hC$iCFP Excluded$5Uk
=ACF  \\$aPrevious Copyright Fee: GBP22.50$c0$e01-jul-2021$fGBP22.50$g0$hC$5Uk
=CAT  \\$aCONV$b00$c20040425$lBLL90$h0705
=CAT  \\$aBATCH-UPD$b00$c20170904$lBLL01$h1735
=CAT  \\$aIPL-CLA$c20170929$lBLL01$h1718
=CAT  \\$aBATCH-UPD$b00$c20180223$lBLL01$h1537
=CAT  \\$a5552$b40$c20180312$lBLL01$h1403
=CAT  \\$aIPL-CLA$c20180331$lBLL01$h1608
=CAT  \\$aBATCH-UPD$b00$c20180823$lBLL01$h1858
=CAT  \\$aIPL-CLA$c20180930$lBLL01$h1456
=CAT  \\$aBATCH-UPD$b00$c20190521$lBLL01$h1346
=CAT  \\$aIPL-CLA$c20190630$lBLL01$h1529
=CAT  \\$aBATCH-UPD$b00$c20190829$lBLL01$h1428
=CAT  \\$aIPL-CLA$c20190930$lBLL01$h1632
=CAT  \\$aBATCH-UPD$b00$c20200219$lBLL01$h1419
=CAT  \\$aIPL-CLA$c20200331$lBLL01$h1608
=CAT  \\$aBATCH-UPD$b00$c20200522$lBLL01$h1411
=CAT  \\$aIPL-CLA$c20200701$lBLL01$h0050
=CAT  \\$a5552$b40$c20201215$lBLL01$h1143
=CAT  \\$aIPL-CLA$c20201231$lBLL01$h1524
=CAT  \\$aDEL-3PM$c20210112$lBLL01$h1249
=CAT  \\$aBATCH-CLA$b00$c20210227$lBLL01$h1015
=CAT  \\$aIPL-CLA$c20210331$lBLL01$h1657
=CAT  \\$aBATCH-CLA$b00$c20210528$lBLL01$h1525
=CAT  \\$aIPL-CLA$c20210704$lBLL01$h1015
=CAT  \\$a11205$b40$c20211026$lBLL01$h1342
=CAT  \\$aBATCH-CLA$b00$c20221130$lBLL01$h1432
=CAT  \\$aIPL-CLA$c20221231$lBLL01$h1440
=CAT  \\$aBATCH-CLA$b00$c20230209$lBLL01$h1520
=CAT  \\$aIPL-CLA$c20230209$lBLL01$h2334
=CFI  0\$aCurrent Copyright Fee: GBP22.50$c0$e09-feb-2023$fGBP22.50$g0$hC$5Uk
=CFI  2\$aBritish Library not licensed to copy$c0$e01-jan-2023$hC$iCFP Excluded$5Uk
=EST  \\$a2
=FIN  \\$aY
=FMT  \\$a  SE
=LAS  \\$aIPL-CLA$b00$c20230209$lBLL01$h2334
=LEO  \\$aMP10.0000323030
=SRC  \\$aDSS01$bbibmp10.200404.2.aa
=TCO  \\$aCLA$bCLA$c008
=TOC  \\$aETOC
=UNO  \\$aY

