=LDR  06009cas a2201345 a 4500
=001  010553910
=003  Uk
=005  20230209233425.0
=007  ta
=008  811007c19819999enkqr\p\\\\\\\0\\\a0eng\\
=015  \\$aGB8133049$2bnb
=019  y\$aB8133049
=019  9\$ab8133049
=019  1\$ab8133049
=019  c\$a2189538
=022  0\$a0261-3875$202
=039  0\$a1657
=040  \\$aUk$beng$cUk$dUk
=042  \\$aukblsr$aissnuk
=082  04$a340.05$223
=130  0\$aLegal studies (London, England : 1981)
=210  0\$aLegal stud.$b(Lond., 1981)
=222  \0$aLegal studies$b(London. 1981)
=245  10$aLegal studies :$bthe journal of the Society of Public Teachers of Law.
=246  30$aJournal of the Society of Public Teachers of Law
=246  13$aJournal of the Society of Legal Scholars,$f2002-
=260  \\$a[London] :$bButterworths,$cc1981-
=260  3\$aOxford :$bWiley-Blackwell
=264  31$32018-$a[Cambridge] :$bCambridge University Press
=300  \\$av. ;$c25 cm.
=310  \\$aQuarterly,$bMar. 1998-
=321  \\$aThree no. a year,$b1981-Nov. 1997
=336  \\$atext$2rdacontent
=337  \\$aunmediated$2rdamedia
=338  \\$avolume$2rdacarrier
=362  0\$aVol. 1, no. 1 (1981)-
=540  \\$aCurrent Copyright Fee: GBP22.50$c0$5Uk
=550  \\$aJournal of: Society of Public Teachers of Law, 1981-2001; Society of Legal Scholars, 2002-.
=588  \\$aLatest issue consulted: volume 38, no. 1 (March 2018).
=595  \\$aABSORBS 4896.6 SEE ALSO CARD INDEX.
=650  \0$aLaw$zGreat Britain$vPeriodicals.
=650  \0$aLaw$vPeriodicals.
=710  2\$aSociety of Public Teachers of Law (London, England)
=710  2\$aSociety of Legal Scholars.
=776  08$iAlso issued online as:$tLegal studies (London, England : 1981)$x1748-121X
=780  00$tJournal of the Society of Public Teachers of Law$x0038-0016
=852  41$aBritish Library$bDSC$j5181.413000$3Vol. 1, no. 1 (1981)-v. 32, no. 3 (2012)***UKRR Retained Title
=852  41$aBritish Library$bHMNTS$jP.201/578$3Vol. 10, no. 2 (1990)-v. 33, no. 3 (2013)***title now taken as electronic copy only
=945  \\$aLegal studies- Society of Public Teachers of Law
=959  \\$fHeld but not currently received
=963  \\$aVOL. 1, 1981- *A=1$bY$cL250.C.313
=985  \\$aRecord merged by DQ team
=985  \\$aISSN responsibility transferred to U.S. ISSN Center from ISSN UK Centre, Wiley, Multinational Publisher List, Summer 2017.
=985  \\$aISSN responsibility transferred back to UK (21/05/18)
=ACF  \\$aPrevious copyright fee: GBP16.00$c10\0$e01-jan-2006$fGBP16.00$g0$hP$5Uk
=ACF  \\$aPrevious Copyright Fee: GBP5.00$c0$e01-oct-2005$fGBP5.00$g0$hC$5Uk
=ACF  \\$aBritish Library not licensed to copy$c0$e01-jul-2005$hC$iCLA Excluded$5Uk
=ACF  \\$aBritish Library not licensed to copy$c0$e01-apr-2005$hC$iCLA Excluded$5Uk
=ACF  \\$aBritish Library not licensed to copy$c0$e01-jan-2005$hC$iCLA Excluded$5Uk
=ACF  \\$aBritish Library not licensed to copy$c0$e01-oct-2004$hC$iCLA Excluded$5Uk
=ACF  \\$aPrevious copyright fee: GBP17.00$c10\0$e01-jan-2009$fGBP17.00$g0$hP$5Uk
=ACF  \\$aPrevious copyright fee: GBP22.00$c10\0$e01-jan-2011$fGBP22.00$g0$hP$5Uk
=ACF  \\$aPrevious copyright fee: GBP24.00$c35\0$e07-mar-2017$fGBP24.00$g0$hP$5Uk
=ACF  \\$aPrevious copyright fee: GBP24.00$c10\0$e01-mar-2015$fGBP24.00$g0$hP$5Uk
=ACF  \\$aPrevious copyright fee: GBP25.00$c43\0$e18-jan-2018$fGBP25.00$g0$hP$5Uk
=ACF  \\$aPrevious Copyright Fee: GBP17.50$c0$e01-apr-2019$fGBP17.50$g0$hA$5Uk
=ACF  \\$aPrevious Copyright Fee: GBP10.00$c0$e01-jul-2019$fGBP10.00$g0$hC$5Uk
=ACF  \\$aPrevious Copyright Fee: GBP22.50$c0$e01-apr-2021$fGBP22.50$g0$hC$5Uk
=CAT  \\$aCONV$b00$c20040425$lBLL90$h0724
=CAT  \\$aWR13.005$c20130323$lBLL01$h1211
=CAT  \\$a8874$b40$c20130520$lBLL01$h1128
=CAT  \\$a8323$b40$c20130718$lBLL01$h1015
=CAT  \\$aBLDSS-3PM$b00$c20141214$lBLL01$h1520
=CAT  \\$aBATCH-UPD$b00$c20150215$lBLL01$h1621
=CAT  \\$aIPL-CLA$c20150228$lBLL01$h2044
=CAT  \\$aBATCH-UPD$b00$c20170304$lBLL01$h1104
=CAT  \\$aW1703-0316$c20170306$lBLL01$h1823
=CAT  \\$aW1703-0316$c20170307$lBLL01$h1646
=CAT  \\$aIPL-CLA$c20170307$lBLL01$h1823
=CAT  \\$a11205$b40$c20170801$lBLL01$h1432
=CAT  \\$a5552$b40$c20180118$lBLL01$h0850
=CAT  \\$a10806$b40$c20180425$lBLL01$h1620
=CAT  \\$a10806$b40$c20180516$lBLL01$h1108
=CAT  \\$a10806$b40$c20180521$lBLL01$h0842
=CAT  \\$aW1902-1304$c20190314$lBLL01$h1238
=CAT  \\$aBATCH-UPD$b00$c20190314$lBLL01$h1617
=CAT  \\$aIPL-CLA$c20190331$lBLL01$h1723
=CAT  \\$aDEL-3PM$c20190409$lBLL01$h0904
=CAT  \\$aBATCH-CLA$b00$c20190531$lBLL01$h1623
=CAT  \\$aIPL-CLA$c20190630$lBLL01$h1529
=CAT  \\$aBATCH-CLA$b00$c20210227$lBLL01$h1007
=CAT  \\$aIPL-CLA$c20210331$lBLL01$h1658
=CAT  \\$aBATCH-CLA$b00$c20221130$lBLL01$h1423
=CAT  \\$aIPL-CLA$c20221231$lBLL01$h1440
=CAT  \\$aBATCH-CLA$b00$c20230209$lBLL01$h1511
=CAT  \\$aIPL-CLA$c20230209$lBLL01$h2334
=CFI  0\$aCurrent Copyright Fee: GBP22.50$c0$e09-feb-2023$fGBP22.50$g0$hC$5Uk
=CFI  2\$aBritish Library not licensed to copy$c0$e01-jan-2023$hC$iCFP Excluded$5Uk
=EST  \\$a2
=FIN  \\$aY
=FMT  \\$a  SE
=LAS  \\$aIPL-CLA$b00$c20230209$lBLL01$h2334
=LEO  \\$aMP10.0000342191
=LEO  \\$aMP5.0000517392
=LEO  \\$aMP13.0000262324
=LEO  \\$aMP22.0000009348
=LET  \0$aLegal studies (Print)
=LKR  \\$aPAR$b010487233$lBLL01$r78000$mLegal studies (London. 1981)$nJournal - Society of Public Teachers of Law
=LKR  \\$aPAR$b013465165$lBLL01$r776$mLegal studies (Print)$nLegal studies (Online)
=SRC  \\$aDSS01$bbibmp10.200404.2.aa
=SRC  \\$aBNB03$bbibmp5.200404.2.aa
=SRC  \\$aHSS01$bbibmp13.200404.2.aa
=SRC  \\$aISN01$bbibmp22.200404.2.aa
=TCO  \\$aCLA$bCLA$c008
=TOC  \\$aETOC

