=LDR  05776 as a22012137a 4500
=001  010635207
=003  Uk
=005  20210930152659.0
=008  900425c19879999xxuar\p\\\\\\\0\\\a0eng\\
=019  c\$a2369153
=019  1\$ar6837944
=022  0\$a0895-4852
=040  \\$aUk$cUk
=082  04$a378.34$222
=222  \0$aAcademic questions
=245  00$aAcademic questions.
=260  \\$aNew Brunswick, N.J. :$bTransaction Periodicals Consortium,$c1987-
=300  \\$av.
=336  \\$atext$2rdacontent
=337  \\$aunmediated$2rdamedia
=338  \\$avolume$2rdacarrier
=362  0\$aVol. 1, no. 1 (winter 1987-88)-
=540  \\$aCurrent Copyright Fee: GBP29.95$c0$5Uk
=595  \\$aSEE ALSO CARD INDEX.
=650  \0$aLearning and scholarship$zUnited States$vPeriodicals.
=776  08$iAlso issued online as:$tAcademic questions (Online)$x1936-4709
=852  41$aBritish Library$bDSC$j0570.514220$3VOL. 1, 1987/1988- 5, 1992 *A=1; 8(1), 1994/1995 *A=1
=852  41$aBritish Library$bHMNTS$jZA.9.a.2666$3Vol. 1, no. 1 (1987/1988:winter)-v. 23, no. 3 (2010)
=945  \\$aAcademic questions
=957  \\$a8903p
=959  \\$fHeld but not currently received
=985  \\$aCorrected by MS generated file for WR# 12.018
=A02  \\$a2369153
=ACF  \\$aPrevious copyright fee: GBP21.25$c22\8$e01-jan-2009$fGBP21.25$g0$hP$5Uk
=ACF  \\$aPrevious Copyright Fee: GBP16.75$c22\8$e14-aug-2007$fGBP16.75$g0$hP$5Uk
=ACF  \\$aPrevious Copyright Fee: GBP3.50$c0$e01-jul-2007$fGBP3.50$g0$hC$5Uk
=ACF  \\$aPrevious Copyright Fee: GBP3.59$c0$e01-apr-2007$fGBP3.59$g0$hC$5Uk
=ACF  \\$aPrevious Copyright Fee: GBP3.78$c0$e01-jan-2007$fGBP3.78$g0$hC$5Uk
=ACF  \\$aPrevious Copyright Fee: GBP3.78$c0$e01-oct-2006$fGBP3.78$g0$hC$5Uk
=ACF  \\$aPrevious Copyright Fee: GBP4.00$c0$e01-jul-2006$fGBP4.00$g0$hC$5Uk
=ACF  \\$aPrevious Copyright Fee: GBP4.00$c0$e01-apr-2006$fGBP4.00$g0$hC$5Uk
=ACF  \\$aPrevious Copyright Fee: GBP3.89$c0$e01-jan-2006$fGBP3.89$g0$hC$5Uk
=ACF  \\$aPrevious Copyright Fee: GBP3.78$c0$e01-oct-2005$fGBP3.78$g0$hC$5Uk
=ACF  \\$aPrevious Copyright Fee: GBP3.78$c0$e01-jul-2005$fGBP3.78$g0$hC$5Uk
=ACF  \\$aPrevious Copyright Fee: GBP3.78$c0$e01-apr-2005$fGBP3.78$g0$hC$5Uk
=ACF  \\$aPrevious Copyright Fee: GBP3.89$c0$e01-jan-2005$fGBP3.89$g0$hC$5Uk
=ACF  \\$aPrevious Copyright Fee: GBP3.78$c0$e01-oct-2004$fGBP3.78$g0$hC$5Uk
=ACF  \\$aPrevious copyright fee: GBP3.78$c0$e01-apr-2004$fGBP3.78$g0$hC$5Uk
=ACF  \\$aCurrent copyright fee: GBP4.12$c0$e01-jan-2004$fGBP4.12$g0$hC$5Uk
=ACF  \\$aCurrent copyright fee: GBP4.38$c0$e01-jan-2003$fGBP4.38$g0$hC$5Uk
=ACF  \\$aPrevious copyright fee: GBP22.00$c22\8$e01-apr-2009$fGBP22.00$g0$hP$5Uk
=ACF  \\$aPrevious copyright fee: GBP22.00$c22\8$e12-aug-2012$fGBP22.00$g0$hP$5Uk
=ACF  \\$aPrevious copyright fee: GBP25.00$c22\8$e01-jan-2013$fGBP25.00$g0$hP$5Uk
=ACF  \\$aPrevious copyright fee: GBP25.77$c22\8$e01-jul-2013$fGBP25.77$g0$hP$5Uk
=ACF  \\$aPrevious copyright fee: GBP24.97$c22\8$e01-jan-2014$fGBP24.97$g0$hP$5Uk
=ACF  \\$aPrevious copyright fee: GBP24.21$c22\8$e01-jul-2014$fGBP24.21$g0$hP$5Uk
=ACF  \\$aPrevious copyright fee: GBP25.77$c22\8$e01-apr-2015$fGBP25.77$g0$hP$5Uk
=ACF  \\$aPrevious copyright fee: GBP26.63$c22\8$e01-jul-2015$fGBP26.63$g0$hP$5Uk
=ACF  \\$aPrevious copyright fee: GBP25.77$c22\8$e01-oct-2015$fGBP25.77$g0$hP$5Uk
=ACF  \\$aPrevious copyright fee: GBP27.55$c22\8$e01-apr-2016$fGBP27.55$g0$hP$5Uk
=ACF  \\$aPrevious copyright fee: GBP29.59$c22\8$e01-oct-2016$fGBP29.59$g0$hP$5Uk
=ACF  \\$aPrevious copyright fee: GBP31.96$c22\8$e01-apr-2017$fGBP31.96$g0$hP$5Uk
=ACF  \\$aPrevious copyright fee: GBP30.73$c22\8$e01-oct-2017$fGBP30.73$g0$hP$5Uk
=ACF  \\$aPrevious copyright fee: GBP34.00$c22\1$e01-jul-2018$fGBP34.00$g0$hP$5Uk
=ACF  \\$aPrevious copyright fee: GBP28.54$c22\8$e01-apr-2018$fGBP28.54$g0$hP$5Uk
=CAT  \\$aCONV$b00$c20040425$lBLL90$h0752
=CAT  \\$aBATCH-UPD$b00$c20150219$lBLL01$h1755
=CAT  \\$aIPL-CLA$c20150331$lBLL01$h1627
=CAT  \\$aBATCH-UPD$b00$c20150520$lBLL01$h1759
=CAT  \\$aIPL-CLA$c20150630$lBLL01$h1639
=CAT  \\$aBATCH-UPD$b00$c20150820$lBLL01$h1845
=CAT  \\$aIPL-CLA$c20150930$lBLL01$h1754
=CAT  \\$aBATCH-UPD$b00$c20160217$lBLL01$h1737
=CAT  \\$aIPL-CLA$c20160331$lBLL01$h1713
=CAT  \\$aBATCH-UPD$b00$c20160413$lBLL01$h1811
=CAT  \\$aBATCH-UPD$b00$c20160524$lBLL01$h2208
=CAT  \\$aBATCH-UPD$b00$c20160525$lBLL01$h0003
=CAT  \\$aBATCH-UPD$b00$c20160824$lBLL01$h1803
=CAT  \\$aIPL-CLA$c20160930$lBLL01$h1553
=CAT  \\$aBATCH-UPD$b00$c20170216$lBLL01$h1852
=CAT  \\$aIPL-CLA$c20170331$lBLL01$h1836
=CAT  \\$aBATCH-UPD$b00$c20170904$lBLL01$h1902
=CAT  \\$aIPL-CLA$c20170929$lBLL01$h1719
=CAT  \\$aBATCH-UPD$b00$c20180223$lBLL01$h1735
=CAT  \\$aIPL-CLA$c20180331$lBLL01$h1609
=CAT  \\$aBATCH-UPD$b00$c20180524$lBLL01$h1722
=CAT  \\$aIPL-CLA$c20180630$lBLL01$h1911
=CAT  \\$a12654$b40$c20210624$lBLL01$h0905
=CAT  \\$aDEL-3PM$c20210628$lBLL01$h1412
=CAT  \\$aBATCH-CLA$b00$c20210917$lBLL01$h1602
=CAT  \\$aIPL-CLA$c20210930$lBLL01$h1526
=CFI  0\$aCurrent Copyright Fee: GBP29.95$c0$e01-oct-2021$fGBP29.95$g0$hC$5Uk
=CFI  2\$aPrevious copyright fee: GBP22.50$c0$e24-jun-2021$fGBP22.50$g0$hA$5Uk
=EST  \\$a2
=FIN  \\$aY
=FMT  \\$a  SE
=LAS  \\$aIPL-CLA$b00$c20210930$lBLL01$h1526
=LEO  \\$aMP10.0000027745
=LEO  \\$aMP13.0001179306
=SRC  \\$aDSS01$bbibmp10.200404.2.aa
=SRC  \\$aHSS01$bbibmp13.200404.2.ab
=TCO  \\$aTRS$bCCC$c008
=TOC  \\$aETOC
=UNO  \\$aY

