=LDR  04628cas a22010937a 4500
=001  010649306
=003  Uk
=005  20230209233427.0
=007  ta
=008  940816c19879999xxutr\p\\\\\\\0\\\a0eng\\
=019  1\$ar6855039
=019  c\$a2402992
=022  0\$a0892-6794$202
=040  \\$aUk$cUk$dUk$dUk
=042  \\$aissnuk$aukblsr
=082  04$a172.405$222
=210  0\$aEthics int. aff.
=222  \0$aEthics & international affairs
=245  00$aEthics & international affairs.
=246  3\$aEthics and international affairs
=260  \\$aNew York :$bCarnegie Council on Ethics and International Affairs,$c1987-
=260  2\$aMalden, Mass. ;$aOxford :$bBlackwell
=260  2\$aBognor Regis :$bJohn Wiley & Sons
=260  3\$aCambridge :$bCambridge University Press
=300  \\$av. ;$c26 cm.
=310  \\$aQuarterly,$b2006-
=321  \\$aThree issues yearly,$b2004-2005
=321  \\$aSeminannual,$b2001-2003
=321  \\$aAnnual,$b1987-2000
=336  \\$atext$2rdacontent
=337  \\$aunmediated$2rdamedia
=338  \\$avolume$2rdacarrier
=362  0\$aVol. 1 (1987)-
=540  \\$aCurrent Copyright Fee: GBP22.50$c0$5Uk
=595  \\$aSEE ALSO SERIAL RECORDS KCS-HUM OLIS AND LULS.
=650  \0$aInternational relations$xMoral and ethical aspects$vPeriodicals.
=710  2\$aCarnegie Council on Ethics & International Affairs.
=776  0\$tEthis & international affairs (Online)$x1747-7093
=852  41$aBritish Library$bDSC$j3814.656700$3Vol. 2 (1988)-v. 28, no. 4 (2014)***UKRR Retained Title***Stock incomplete
=852  41$aBritish Library$bHMNTS$jZA.9.a.5978$3Vol. 1 (1987) only***1988- held only by DSC***UKRR Retained Title
=945  \\$aETHICS AND INTERNATIONAL AFFAIRS.
=957  \\$a910331d
=959  \\$fHeld but not currently received
=963  \\$aVOL. 1, 1987- *A=1$bN$cP214.B.115
=985  \\$aResponsibility for ISSN taken by ISSN UK from NSDP, 28.03.07.
=ACF  \\$aPrevious copyright fee: GBP17.00$c10\0$e01-jan-2009$fGBP17.00$g0$hP$5Uk
=ACF  \\$aPrevious Copyright Fee: GBP16.00$c10\0$e01-jan-2006$fGBP16.00$g0$hP$5Uk
=ACF  \\$aPrevious copyright fee: GBP0.44$c5283\0$e01-apr-2003$fGBP0.44$g0$hP$5Uk
=ACF  \\$aCurrent copyright fee: GBP5.00$c0$e01-jul-2002$fGBP5.00$g0$hA$5Uk
=ACF  \\$aCurrent copyright fee: GBP2.50$c0$e01-jul-1998$fGBP2.50$g0$hC$5Uk
=ACF  \\$aCurrent copyright fee: GBP22.00$c10\0$e01-jan-2011$fGBP22.00$g0$hP$5Uk
=ACF  \\$aPrevious copyright fee: GBP30.00$c43\0$e18-feb-2011$fGBP30.00$g0$hP$5Uk
=ACF  \\$aPrevious copyright fee: GBP25.00$c43\0$e01-jul-2016$fGBP25.00$g0$hP$5Uk
=ACF  \\$aPrevious Copyright Fee: GBP17.50$c0$e01-apr-2019$fGBP17.50$g0$hA$5Uk
=ACF  \\$aPrevious Copyright Fee: GBP10.00$c0$e01-jul-2019$fGBP10.00$g0$hC$5Uk
=ACF  \\$aPrevious Copyright Fee: GBP22.50$c0$e01-apr-2021$fGBP22.50$g0$hC$5Uk
=CAT  \\$aCONV$b00$c20040425$lBLL90$h0753
=CAT  \\$aBATCH-UPD$b00$c20101116$lBLL01$h1328
=CAT  \\$aIPL-CLA$c20101231$lBLL01$h1358
=CAT  \\$a5552$b40$c20110218$lBLL01$h0933
=CAT  \\$a11316$b40$c20110322$lBLL01$h1221
=CAT  \\$a11316$b40$c20110322$lBLL01$h1344
=CAT  \\$aBATCH-UPD$b40$c20121105$lBLL01$h1136
=CAT  \\$aBATCH-CLA$b00$c20121107$lBLL01$h1917
=CAT  \\$aWR13.005$c20130323$lBLL01$h1232
=CAT  \\$aBLDSS-3PM$b00$c20141208$lBLL01$h1623
=CAT  \\$aBATCH-UPD$b00$c20160413$lBLL01$h1811
=CAT  \\$a5552$b40$c20160603$lBLL01$h0826
=CAT  \\$aIPL-CLA$c20160630$lBLL01$h1604
=CAT  \\$aW1902-1304$c20190314$lBLL01$h1238
=CAT  \\$aBATCH-UPD$b00$c20190314$lBLL01$h1617
=CAT  \\$aIPL-CLA$c20190331$lBLL01$h1723
=CAT  \\$aDEL-3PM$c20190409$lBLL01$h0904
=CAT  \\$aBATCH-CLA$b00$c20190531$lBLL01$h1623
=CAT  \\$aIPL-CLA$c20190630$lBLL01$h1529
=CAT  \\$a11205$b40$c20190828$lBLL01$h1425
=CAT  \\$aBATCH-CLA$b00$c20210227$lBLL01$h1012
=CAT  \\$aIPL-CLA$c20210331$lBLL01$h1658
=CAT  \\$aBATCH-CLA$b00$c20221130$lBLL01$h1442
=CAT  \\$aIPL-CLA$c20221231$lBLL01$h1440
=CAT  \\$aBATCH-CLA$b00$c20230209$lBLL01$h1529
=CAT  \\$aIPL-CLA$c20230209$lBLL01$h2334
=CFI  0\$aCurrent Copyright Fee: GBP22.50$c0$e09-feb-2023$fGBP22.50$g0$hC$5Uk
=CFI  2\$aBritish Library not licensed to copy$c0$e01-jan-2023$hC$iCFP Excluded$5Uk
=EST  \\$a2
=FIN  \\$aY
=FMT  \\$a  SE
=LAS  \\$aIPL-CLA$b00$c20230209$lBLL01$h2334
=LEO  \\$aMP13.0001193872
=LEO  \\$aMP10.0000215860
=SRC  \\$aDSS01$bbibmp10.200404.2.aa
=SRC  \\$aHSS01$bbibmp13.200404.2.ab
=TCO  \\$aTRS$bCCC$c008
=TOC  \\$aETOC

