=LDR  05935cas a22012857a 4500
=001  008535928
=003  Uk
=005  20230209233145.0
=007  ta
=008  020910d19972006enkqrzp\\\\\\\0\\\a0eng\d
=010  \\$a2004205459
=015  \\$aGBA693683$2bnb
=019  c\$a2563779
=022  0\$a1385-514X
=035  \\$a(OCoLC)ocm40865632
=040  \\$aMsVE$beng$cMsVE$dOCoLC$dDLC$dOCoLC$dNSDP$dUk
=042  \\$ansdp$aukblsr
=050  00$aQE605$b.F73
=082  04$a662.2$222
=222  \0$aFragblast$b(Rotterdam)
=245  00$aFragblast :$bthe international journal for blasting and fragmentation.
=246  30$aInternational journal for blasting and fragmentation
=260  \\$aRotterdam :$bA.A. Balkema,$c1997-2006.
=260  2\$aLetchworth :$bSwets & Zeitlinger
=260  3\$aAbingdon :$bTaylor & Francis
=300  \\$av. :$bill. ;$c25 cm.
=310  \\$aQuarterly
=336  \\$atext$2rdacontent
=337  \\$aunmediated$2rdamedia
=338  \\$avolume$2rdacarrier
=362  0\$aVolume 1 (1997)-Volume 10, Number 3/4 (2006)
=500  \\$aPublished: Letchworth (England) : Swets & Zeitlinger, <June 2003->
=500  \\$aPublished: Abingdon (England): Taylor & Francis, <Dec. 2004->
=500  \\$aLatest issue consulted: Vol. 10, nos. 1-2 (Mar.-June 2006)
=530  \\$aAlso issued online.
=540  \\$aCurrent Copyright Fee: GBP45.00$c0$5Uk
=650  \0$aBlasting$vPeriodicals.
=650  \0$aRocks$xCleavage$vPeriodicals.
=776  1\$tFragblast (Online)$x1744-4977
=850  \\$aDLC
=852  41$aBritish Library$bHMNTS$jZK.9.a.15139$3Volume 10, Number 1/2 (2006)-Volume 10, Number 3/4 (2006)
=852  41$aBritish Library$bDSC$j4030.793000$3Vol. 1, no. 1 (1997)-v. 10, no. 3/4 (2006)***UKRR Retained Title
=945  \\$aFragblast -Rotterdam-
=959  \\$fHeld but not currently received
=A02  \\$a2563779
=ACF  \\$aPrevious Copyright Fee: GBP25.00$c0$e01-apr-2012$fGBP25.00$g0$hC$5Uk
=ACF  \\$aPrevious Copyright Fee: GBP25.00$c0$e01-jan-2012$fGBP25.00$g0$hC$5Uk
=ACF  \\$aPrevious Copyright Fee: GBP18.02$c0$e01-oct-2011$fGBP18.02$g0$hC$5Uk
=ACF  \\$aPrevious Copyright Fee: GBP18.02$c0$e01-jul-2011$fGBP18.02$g0$hC$5Uk
=ACF  \\$aPrevious Copyright Fee: GBP18.02$c0$e01-apr-2011$fGBP18.02$g0$hC$5Uk
=ACF  \\$aPrevious Copyright Fee: GBP18.02$c0$e01-jan-2011$fGBP18.02$g0$hC$5Uk
=ACF  \\$aPrevious Copyright Fee: GBP21.28$c0$e01-oct-2010$fGBP21.28$g0$hC$5Uk
=ACF  \\$aPrevious Copyright Fee: GBP21.28$c0$e01-jul-2010$fGBP21.28$g0$hC$5Uk
=ACF  \\$aPrevious Copyright Fee: GBP21.28$c0$e01-apr-2010$fGBP21.28$g0$hC$5Uk
=ACF  \\$aPrevious Copyright Fee: GBP21.28$c0$e01-Jan-2010$fGBP21.28$g0$hC$5Uk
=ACF  \\$aPrevious Copyright Fee: GBP21.28$c0$e01-oct-2009$fGBP21.28$g0$hC$5Uk
=ACF  \\$aPrevious Copyright Fee: GBP21.28$c0$e01-jul-2009$fGBP21.28$g0$hC$5Uk
=ACF  \\$aPrevious Copyright Fee: GBP21.28$c0$e01-apr-2009$fGBP21.28$g0$hC$5Uk
=ACF  \\$aPrevious Copyright Fee: GBP18.00$c0$e01-jan-2009$fGBP18.00$g0$hC$5Uk
=ACF  \\$aPrevious copyright fee: GBP6.00$c0$e14-nov-2008$fGBP6.00$g0$hA$5Uk
=ACF  \\$aCurrent copyright fee: GBP19.00$c2\0$e01-apr-2008$fGBP19.00$g0$hP$5Uk
=ACF  \\$aPrevious copyright fee: GBP20.00$c2\0$e01-jan-2007$fGBP20.00$g0$hP$5Uk
=ACF  \\$aPrevious Copyright Fee: GBP18.00$c2\0$e01-apr-2005$fGBP18.00$g0$hP$5Uk
=ACF  \\$aPrevious Copyright Fee: GBP18.00$c0$e01-jan-2005$fGBP18.00$g0$hC$5Uk
=ACF  \\$aPrevious Copyright Fee: GBP8.11$c0$e01-oct-2004$fGBP8.11$g0$hC$5Uk
=ACF  \\$aPrevious copyright fee: GBP1.24$c0$e01-apr-2004$fGBP1.24$g0$hC$5Uk
=ACF  \\$aCurrent copyright fee: GBP1.35$c0$e01-jan-2004$fGBP1.35$g0$hC$5Uk
=ACF  \\$aCurrent copyright fee: GBP5.00$c0$e01-jul-2002$fGBP5.00$g0$hC$5Uk
=ACF  \\$aPrevious Copyright Fee: GBP25.00$c0$e01-jul-2012$fGBP25.00$g0$hC$5Uk
=ACF  \\$aPrevious Copyright Fee: GBP25.00$c0$e01-oct-2012$fGBP25.00$g0$hC$5Uk
=ACF  \\$aPrevious Copyright Fee: GBP45.00$c0$e01-apr-2021$fGBP45.00$g0$hC$5Uk
=CAT  \\$aCONV$b00$c20040425$lBLL90$h0703
=CAT  \\$aBATCH-CLA$b00$c20100831$lBLL01$h1543
=CAT  \\$aIPL-CLA$c20100930$lBLL01$h1454
=CAT  \\$aBATCH-CLA$b00$c20101115$lBLL01$h1615
=CAT  \\$aIPL-CLA$c20101231$lBLL01$h1227
=CAT  \\$aBATCH-CLA$b00$c20110228$lBLL01$h1553
=CAT  \\$aIPL-CLA$c20110331$lBLL01$h1433
=CAT  \\$aBATCH-CLA$b00$c20110531$lBLL01$h1650
=CAT  \\$aIPL-CLA$c20110630$lBLL01$h1514
=CAT  \\$aBATCH-CLA$b00$c20110831$lBLL01$h1804
=CAT  \\$aIPL-CLA$c20110930$lBLL01$h1513
=CAT  \\$aBATCH-CLA$b00$c20111130$lBLL01$h1216
=CAT  \\$aIPL-CLA$c20111230$lBLL01$h1729
=CAT  \\$aBATCH-CLA$b00$c20120229$lBLL01$h1637
=CAT  \\$aIPL-CLA$c20120330$lBLL01$h1359
=CAT  \\$aBATCH-CLA$b00$c20120531$lBLL01$h1657
=CAT  \\$aIPL-CLA$c20120629$lBLL01$h0956
=CAT  \\$aBATCH-CLA$b00$c20120831$lBLL01$h1527
=CAT  \\$aIPL-CLA$c20120930$lBLL01$h2013
=CAT  \\$aBATCH-CLA$b00$c20121104$lBLL01$h1030
=CAT  \\$aWR13.005$c20130323$lBLL01$h1326
=CAT  \\$aWR14_140$c20140905$lBLL01$h1729
=CAT  \\$aBATCH-CLA$b00$c20210227$lBLL01$h1009
=CAT  \\$aIPL-CLA$c20210331$lBLL01$h1655
=CAT  \\$aBATCH-CLA$b00$c20221130$lBLL01$h1430
=CAT  \\$aIPL-CLA$c20221231$lBLL01$h1434
=CAT  \\$aBATCH-CLA$b00$c20230209$lBLL01$h1517
=CAT  \\$aIPL-CLA$c20230209$lBLL01$h2331
=CFI  0\$aCurrent Copyright Fee: GBP45.00$c0$e09-feb-2023$fGBP45.00$g0$hC$5Uk
=CFI  2\$aBritish Library not licensed to copy$c0$e01-jan-2023$hC$iCFP Excluded$5Uk
=EST  \\$a2
=FIN  \\$aY
=FMT  \\$a  SE
=LAS  \\$aIPL-CLA$b00$c20230209$lBLL01$h2331
=LEO  \\$aMP10.0000238354
=LKR  \\$aPAR$b013353664$lBLL01$nFragblast (Online)$mFRAGBLAST -ROTTERDAM-.$r776
=SID  \\$aZ39$bLOC
=SRC  \\$aDSS01$bbibmp10.200404.2.aa
=TCO  \\$aCLA$bCLA$c008

