=LDR  05451cas a2201165 a 4500
=001  008545297
=003  Uk
=005  20230209233150.0
=007  ta
=008  040410c19979999paufx\p\\\\\\\0\\\a0eng\\
=019  c\$a2599300
=022  0\$a1088-7156
=040  \\$aUk$cUk$dUk
=082  04$a150.68$222
=210  0\$aPsychol. manag. j.$b(Print)
=222  \4$aThe psychologist manager journal$b(Print)
=245  04$aThe psychologist manager journal.
=260  \\$aSt. Louis, Mo. :$bSociety of Psychologists in Management,$c1997-
=310  \\$aTwo no. a year
=336  \\$atext$2rdacontent
=337  \\$aunmediated$2rdamedia
=338  \\$avolume$2rdacarrier
=362  0\$aVol. 1, no. 1-
=500  \\$aPublished: Philadelphia, PA : Taylor & Francis Group, LLC, <2007->.
=530  \\$aAlso issued online.
=540  \\$aCurrent Copyright Fee: GBP25.00$c0$5Uk
=595  \\$aSEE ALSO CARD INDEX.
=650  \0$aPsychology, Industrial$vPeriodicals.
=650  \0$aPersonnel management$xPsychological aspects$vPeriodicals.
=650  \0$aPsychologists$vPeriodicals.
=650  \0$aManagement$vPeriodicals.
=710  2\$aSociety of Psychologists in Management.
=776  1\$tPsychologist manager journal (Online)$x1550-3461
=852  41$aBritish Library$bDSC$j6946.534710$3Vol. 4, pt. 2, 2000-vol. 11, pt. 1, 2008 ; (Deficient: vol.7, 2004)
=945  \\$aPsychologist manager journal
=959  \\$fHeld but not currently received
=985  \\$aRecord enhanced by DQ team
=A02  \\$a2599300
=ACF  \\$aPrevious copyright fee: GBP17.00$c2\0$e28-apr-2010$fGBP17.00$g0$hP$5Uk
=ACF  \\$aCurrent copyright fee: GBP17.00$c30\0$e01-jan-2010$fGBP17.00$g0$hP$5Uk
=ACF  \\$aPrevious copyright fee: GBP16.00$c30\0$e01-jan-2009$fGBP16.00$g0$hP$5Uk
=ACF  \\$aPrevious Copyright Fee: GBP15.00$c30\0$e01-jan-2008$fGBP15.00$g0$hP$5Uk
=ACF  \\$aPrevious copyright fee: GBP12.00$c30\0$e01-jul-2007$fGBP12.00$g0$hP$5Uk
=ACF  \\$aPrevious copyright fee: GBP12.30$c30\0$e01-apr-2007$fGBP12.30$g0$hP$5Uk
=ACF  \\$aPrevious copyright fee: GBP12.97$c30\0$e01-oct-2006$fGBP12.97$g0$hP$5Uk
=ACF  \\$aPrevious copyright fee: GBP13.72$c30\0$e01-apr-2006$fGBP13.72$g0$hP$5Uk
=ACF  \\$aPrevious copyright fee: GBP13.33$c30\0$e01-jan-2006$fGBP13.33$g0$hP$5Uk
=ACF  \\$aPrevious Copyright Fee: GBP12.98$c30\0$e16-sep-2005$fGBP12.98$g0$hP$5Uk
=ACF  \\$aPrevious Copyright Fee: GBP1.30$c0$e01-jul-2005$fGBP1.30$g0$hC$5Uk
=ACF  \\$aPrevious Copyright Fee: GBP1.30$c0$e01-apr-2005$fGBP1.30$g0$hC$5Uk
=ACF  \\$aPrevious Copyright Fee: GBP1.33$c0$e01-jan-2005$fGBP1.33$g0$hC$5Uk
=ACF  \\$aPrevious Copyright Fee: GBP1.30$c0$e01-oct-2004$fGBP1.30$g0$hC$5Uk
=ACF  \\$aPrevious copyright fee: GBP1.30$c0$e01-apr-2004$fGBP1.30$g0$hC$5Uk
=ACF  \\$aCurrent copyright fee: GBP1.41$c0$e01-jan-2004$fGBP1.41$g0$hC$5Uk
=ACF  \\$aCurrent copyright fee: GBP1.50$c0$e01-jan-2003$fGBP1.50$g0$hC$5Uk
=ACF  \\$aPrevious copyright fee: GBP21.00$c2\0$e01-jan-2011$fGBP21.00$g0$hP$5Uk
=ACF  \\$aPrevious copyright fee: GBP23.50$c2\0$e01-jan-2013$fGBP23.50$g0$hP$5Uk
=ACF  \\$aPrevious copyright fee: GBP23.00$c2\0$e01-jan-2012$fGBP23.00$g0$hP$5Uk
=ACF  \\$aPrevious copyright fee: GBP26.00$c0$e05-nov-2013$fGBP26.00$g0$hC$5Uk
=ACF  \\$aPrevious Copyright Fee: GBP17.50$c0$e01-apr-2019$fGBP17.50$g0$hC$5Uk
=ACF  \\$aPrevious Copyright Fee: GBP20.00$c0$e01-jan-2020$fGBP20.00$g0$hC$5Uk
=ACF  \\$aPrevious Copyright Fee: GBP22.50$c0$e01-jan-2021$fGBP22.50$g0$hC$5Uk
=CAT  \\$aCONV$b00$c20040425$lBLL90$h0709
=CAT  \\$aBATCH$b00$c20091216$lBLL01$h0110
=CAT  \\$aBATCH-UPD$b00$c20091231$lBLL01$h1747
=CAT  \\$aBATCH-UPD$b00$c20091231$lBLL01$h1819
=CAT  \\$aBATCH$b00$c20091231$lBLL01$h1837
=CAT  \\$a8456$b40$c20100325$lBLL01$h0928
=CAT  \\$a8464$b40$c20100428$lBLL01$h1139
=CAT  \\$a11316$b40$c20100901$lBLL01$h1515
=CAT  \\$aBATCH-UPD$b40$c20101116$lBLL01$h1331
=CAT  \\$aBATCH-UPD$b40$c20101220$lBLL01$h1248
=CAT  \\$aIPL-CLA$c20101231$lBLL01$h1230
=CAT  \\$aBATCH-UPD$b00$c20111123$lBLL01$h1837
=CAT  \\$aIPL-CLA$c20111230$lBLL01$h1733
=CAT  \\$aBATCH-CLA$b00$c20121104$lBLL01$h1027
=CAT  \\$aBATCH-UPD$b00$c20121121$lBLL01$h1612
=CAT  \\$aIPL-CLA$c20121231$lBLL01$h1247
=CAT  \\$aIPL-CLA$c20130102$lBLL01$h1650
=CAT  \\$a5552$b40$c20131105$lBLL01$h1147
=CAT  \\$aBATCH-CLA$b00$c20190228$lBLL01$h1622
=CAT  \\$aIPL-CLA$c20190331$lBLL01$h1721
=CAT  \\$aBATCH-CLA$b00$c20191129$lBLL01$h1626
=CAT  \\$aIPL-CLA$c20191231$lBLL01$h1739
=CAT  \\$aBATCH-CLA$b00$c20201126$lBLL01$h1417
=CAT  \\$aIPL-CLA$c20201231$lBLL01$h1520
=CAT  \\$aBATCH-CLA$b00$c20221130$lBLL01$h1453
=CAT  \\$aIPL-CLA$c20221231$lBLL01$h1435
=CAT  \\$aBATCH-CLA$b00$c20230209$lBLL01$h1540
=CAT  \\$aIPL-CLA$c20230209$lBLL01$h2331
=CFI  0\$aCurrent Copyright Fee: GBP25.00$c0$e09-feb-2023$fGBP25.00$g0$hC$5Uk
=CFI  2\$aBritish Library not licensed to copy$c0$e01-jan-2023$hC$iCFP Excluded$5Uk
=EST  \\$a2
=FIN  \\$aY
=FMT  \\$a  SE
=LAS  \\$aIPL-CLA$b00$c20230209$lBLL01$h2331
=LEO  \\$aMP10.0000466677
=LKR  \\$aPAR$b013294653$lBLL01$nPsychologist manager journal (Online)$mPsychologist manager journal (Print)$r776
=SRC  \\$aDSS01$bbibmp10.200404.2.aa
=TCO  \\$aTRS$bCCC$c008

