=LDR  06142cas a2201285 a 4500
=001  009181149
=003  Uk
=005  20230209233207.0
=007  ta
=008  040409c19929999ru\mr\p\\\\\\\0\\\a0eng\\
=019  c\$a2468903
=022  \\$a1068-7971
=040  \\$aUk$beng$cUk$dUk
=041  1\$aeng$hrus
=042  \\$aukblsr
=082  04$a554.7$222
=222  \0$aRussian geology and geophysics
=245  00$aRussian geology and geophysics =$bGeologiya i geofizika.
=246  31$aGeologiya i geofizika
=260  \\$aNew York :$bAllerton,$c1992-
=260  2\$32007-$aOrlando, Fla. :$bElsevier
=264  31$a[Amsterdam] :$bElsevier B.V.
=300  \\$av. :$bill., maps (some col.) ;$c28 cm.
=310  \\$aMonthly
=336  \\$atext$2rdacontent
=337  \\$aunmediated$2rdamedia
=338  \\$avolume$2rdacarrier
=362  1\$aBegan in 1992 with vol. 33.
=362  0\$a-vol. 42, no. 12 (Dec. 2001) ; [new ser.], vol. 48, issue 1 (Jan. 2007)-
=500  \\$aPublished: Novosibirsk : Publishing House, Siberian Branch of the Russian Academy of Sciences, 2019-
=500  \\$aDescription based on: vol. 48, issue 1 (Jan. 2007).
=530  \\$aAlso available on the internet.
=540  \\$aCurrent Copyright Fee: GBP34.00$c0$5Uk
=546  \\$aCover to cover translation into English.
=595  \\$aFORMERLY 0421.89 UP TO VOL. 32, 1991.
=650  \0$aGeology$zRussia (Federation)$vPeriodicals.
=650  \0$aGeophysics$zRussia (Federation)$vPeriodicals.
=710  2\$aRossiĭskai︠a︡ akademii︠a︡ nauk.$bSibirskoe otdelenie.
=710  2\$aObʺedinennyĭ institut geologii, geofiziki i mineralogii (Akademii︠a︡ nauk SSSR)
=776  0\$tRussian geology and geophysics$h[electronic resource]
=780  00$tSoviet geology and geophysics$x0361-7149
=852  41$aBritish Library$bHMNTS$jDZK.9.x.713$3Vol. 48, issue 1 (2007)-v. 49, issue 7 (2008)
=852  41$aBritish Library$bDSC$j0420.760600$3Volume 33 (1992)-Volume 42, Number 11 (2001)
=945  \\$aRussian geology and geophysics c/c of Geologiia i geofizika
=959  \\$fHeld but not currently received
=A02  \\$a2468903
=ACF  \\$aPrevious copyright fee: GBP19.00$c5\4$e01-jan-2008$fGBP19.00$g0$hP$5Uk
=ACF  \\$aPrevious Copyright Fee: GBP18.00$c5\4$e03-apr-2007$fGBP18.00$g0$hP$5Uk
=ACF  \\$aPrevious Copyright Fee: GBP25.64$c0$e01-apr-2007$fGBP25.64$g0$hC$5Uk
=ACF  \\$aPrevious Copyright Fee: GBP27.03$c0$e01-jan-2007$fGBP27.03$g0$hC$5Uk
=ACF  \\$aPrevious Copyright Fee: GBP27.03$c0$e01-oct-2006$fGBP27.03$g0$hC$5Uk
=ACF  \\$aPrevious Copyright Fee: GBP28.57$c0$e01-jul-2006$fGBP28.57$g0$hC$5Uk
=ACF  \\$aPrevious Copyright Fee: GBP28.57$c0$e01-apr-2006$fGBP28.57$g0$hC$5Uk
=ACF  \\$aPrevious Copyright Fee: GBP27.78$c0$e01-jan-2006$fGBP27.78$g0$hC$5Uk
=ACF  \\$aPrevious Copyright Fee: GBP27.03$c0$e01-oct-2005$fGBP27.03$g0$hC$5Uk
=ACF  \\$aPrevious Copyright Fee: GBP27.03$c0$e01-jul-2005$fGBP27.03$g0$hC$5Uk
=ACF  \\$aPrevious Copyright Fee: GBP27.03$c0$e01-apr-2005$fGBP27.03$g0$hC$5Uk
=ACF  \\$aPrevious Copyright Fee: GBP27.78$c0$e01-jan-2005$fGBP27.78$g0$hC$5Uk
=ACF  \\$aPrevious Copyright Fee: GBP27.03$c0$e01-oct-2004$fGBP27.03$g0$hC$5Uk
=ACF  \\$aPrevious copyright fee: GBP27.03$c0$e01-apr-2004$fGBP27.03$g0$hC$5Uk
=ACF  \\$aCurrent copyright fee: GBP29.41$c0$e01-jan-2004$fGBP29.41$g0$hC$5Uk
=ACF  \\$aCurrent copyright fee: GBP31.25$c0$e01-jan-2003$fGBP31.25$g0$hC$5Uk
=ACF  \\$aPrevious copyright fee: GBP20.00$c5\1$e01-jan-2009$fGBP20.00$g0$hP$5Uk
=ACF  \\$aPrevious copyright fee: GBP21.00$c5\1$e01-jan-2012$fGBP21.00$g0$hP$5Uk
=ACF  \\$aPrevious copyright fee: GBP22.50$c5\1$e01-jan-2013$fGBP22.50$g0$hP$5Uk
=ACF  \\$aPrevious copyright fee: GBP23.40$c5\1$e01-jan-2018$fGBP23.40$g0$hP$5Uk
=ACF  \\$aPrevious copyright fee: GBP17.50$c0$e01-jan-2019$fGBP17.50$g0$hA$5Uk
=ACF  \\$aPrevious Copyright Fee: GBP23.40$c0$e01-apr-2019$fGBP23.40$g0$hC$5Uk
=ACF  \\$aPrevious Copyright Fee: GBP17.50$c0$e01-jul-2019$fGBP17.50$g0$hC$5Uk
=ACF  \\$aPrevious Copyright Fee: GBP23.40$c0$e01-oct-2019$fGBP23.40$g0$hC$5Uk
=ACF  \\$aPrevious Copyright Fee: GBP34.00$c0$e01-apr-2021$fGBP34.00$g0$hC$5Uk
=CAT  \\$aCONV$b00$c20040425$lBLL90$h0658
=CAT  \\$aBATCH-UPD$b00$c20121121$lBLL01$h1653
=CAT  \\$aWR12_168$c20121206$lBLL01$h1835
=CAT  \\$aIPL-CLA$c20121231$lBLL01$h1249
=CAT  \\$aIPL-CLA$c20130102$lBLL01$h1652
=CAT  \\$aWR13.005$c20130322$lBLL01$h1926
=CAT  \\$aWR14_140$c20140905$lBLL01$h1732
=CAT  \\$aBLDSS-3PM$b00$c20141222$lBLL01$h1710
=CAT  \\$aBATCH-UPD$b00$c20160413$lBLL01$h1805
=CAT  \\$aBATCH-UPD$b00$c20170304$lBLL01$h1040
=CAT  \\$aBATCH-UPD$b00$c20171121$lBLL01$h1738
=CAT  \\$aIPL-CLA$c20171231$lBLL01$h1425
=CAT  \\$a5552$b40$c20181016$lBLL01$h1144
=CAT  \\$aIPL-CLA$c20181231$lBLL01$h1534
=CAT  \\$aDEL-3PM$c20190115$lBLL01$h1428
=CAT  \\$aBATCH-CLA$b00$c20190228$lBLL01$h1623
=CAT  \\$aIPL-CLA$c20190331$lBLL01$h1722
=CAT  \\$aBATCH-CLA$b00$c20190531$lBLL01$h1624
=CAT  \\$aIPL-CLA$c20190630$lBLL01$h1526
=CAT  \\$aBATCH-CLA$b00$c20190909$lBLL01$h1717
=CAT  \\$aIPL-CLA$c20190930$lBLL01$h1629
=CAT  \\$a8323$b40$c20200217$lBLL01$h0843
=CAT  \\$aBATCH-CLA$b00$c20210227$lBLL01$h1010
=CAT  \\$aIPL-CLA$c20210331$lBLL01$h1656
=CAT  \\$aBATCH-CLA$b00$c20221130$lBLL01$h1436
=CAT  \\$aIPL-CLA$c20221231$lBLL01$h1435
=CAT  \\$aBATCH-CLA$b00$c20230209$lBLL01$h1524
=CAT  \\$aIPL-CLA$c20230209$lBLL01$h2332
=CFI  0\$aCurrent Copyright Fee: GBP34.00$c0$e09-feb-2023$fGBP34.00$g0$hC$5Uk
=CFI  2\$aBritish Library not licensed to copy$c0$e01-jan-2023$hC$iCFP Excluded$5Uk
=EST  \\$a2
=FIN  \\$aY
=FMT  \\$a  SE
=LAS  \\$aIPL-CLA$b00$c20230209$lBLL01$h2332
=LEO  \\$aMP10.0000024663
=LKR  \\$aPAR$b009551632$lBLL01$r78000$mRussian geology and geophysics$nSoviet geology and geophysics
=SRC  \\$aDSS01$bbibmp10.200404.2.aa
=TCO  \\$aTRS$bCCC$c008
=TOC  \\$aETOC

