=LDR  04928cas a22011297a 4500
=001  009204022
=003  Uk
=005  20230209233224.0
=007  ta
=008  040409c19619999mauqr\p\\\\\\\0\\\a0eng\\
=019  c\$a2079028
=019  x\$a3347850149
=022  0\$a0018-2680$202
=040  \\$aUk$cUk$dUk
=042  \\$aissnuk
=082  04$a370$222
=210  0\$aHist. educ. q.
=222  \0$aHistory of education quarterly
=245  00$aHistory of education quarterly.
=260  \\$a[Bloomington, IN., etc. :$bIndiana University, etc.]
=260  3\$aMalden, Mass. ;$aOxford :$bBlackwell
=300  \\$av. ;$c23 cm.
=310  \\$aQuarterly
=336  \\$atext$2rdacontent
=337  \\$aunmediated$2rdamedia
=338  \\$avolume$2rdacarrier
=362  0\$av. 1- Mar. 1961-
=530  \\$aAlso available via the internet.
=540  \\$aCurrent Copyright Fee: GBP22.50$c0$5Uk
=550  \\$aOfficial organ of the History of Education Society.
=550  \\$aVols. for 1961-65 published by University of Pittsburgh; 1966-<fall 1975> by New York University, <1986- > by Indiana University, Bloomington.
=555  \\$aIndex published separately every 10 years.
=595  \\$aSEE ALSO SERIAL RECORDS ULASP AND SCE.
=650  \0$aEducation$xHistory$vPeriodicals.
=710  2\$aHistory of Education Society.
=776  0\$aHistory of education quarterly (Online)$x1748-5959
=780  00$tHistory of education journal$x0162-8607
=852  41$aBritish Library$bDSC$j4318.125000$3Vol. 2, no. 1 (1962)-v. 50, no. 1 (2010)***UKRR Retained Title***Stock Incomplete
=852  41$aBritish Library$bHMNTS$jAc.9234.ry.$3Vol. 3, no. 1 (1963)-v. 36, no. 4 (1996)***To apply for issues from 1997 onwards, use separate form and DSC shelfmark.***UKRR Retained Title
=945  \\$aHistory of education quarterly.
=959  \\$fHeld but not currently received
=963  \\$aVOL. 1, 1961- *A=1$bY$cP240.C.211
=985  \\$aCorrected by MS generated file for WR# 12.018
=985  \\$aRecord merged by DQ team.
=985  \\$aResponsibility for ISSN taken by ISSN UK from US ISSN Centre, 24.02.07.
=A02  \\$a2079028
=ACF  \\$aPrevious Copyright Fee: GBP16.00$c10\0$e01-jan-2007$fGBP16.00$g0$hP$5Uk
=ACF  \\$aPrevious copyright fee: GBP5.00$c0$e01-jul-1998$fGBP5.00$g0$hC$5Uk
=ACF  \\$aCurrent copyright fee: GBP4.60$c0$e01-jan-1998$fGBP4.60$g0$hC$5Uk
=ACF  \\$aCurrent copyright fee: GBP2.30$c0$e01-apr-1997$fGBP2.30$g0$hC$5Uk
=ACF  \\$aPrevious copyright fee: GBP17.00$c10\0$e01-jan-2009$fGBP17.00$g0$hP$5Uk
=ACF  \\$aPrevious copyright fee: GBP22.00$c10\0$e01-jan-2011$fGBP22.00$g0$hP$5Uk
=ACF  \\$aPrevious copyright fee: GBP24.00$c10\0$e01-mar-2015$fGBP24.00$g0$hP$5Uk
=ACF  \\$aPrevious copyright fee: GBP25.00$c43\0$e01-jan-2017$fGBP25.00$g0$hP$5Uk
=ACF  \\$aPrevious Copyright Fee: GBP17.50$c0$e01-apr-2019$fGBP17.50$g0$hA$5Uk
=ACF  \\$aPrevious Copyright Fee: GBP10.00$c0$e01-jul-2019$fGBP10.00$g0$hC$5Uk
=ACF  \\$aPrevious Copyright Fee: GBP22.50$c0$e01-apr-2021$fGBP22.50$g0$hC$5Uk
=CAT  \\$aCONV$b00$c20040425$lBLL90$h0704
=CAT  \\$aBATCH-UPD$b40$c20101116$lBLL01$h1327
=CAT  \\$aIPL-CLA$c20101231$lBLL01$h1253
=CAT  \\$a8483$b40$c20120717$lBLL01$h1023
=CAT  \\$a8483$b40$c20120717$lBLL01$h1116
=CAT  \\$a8483$b40$c20120717$lBLL01$h1118
=CAT  \\$aBLSS-CORR$b00$c20120724$lBLL01$h1756
=CAT  \\$aBATCH-CLA$b00$c20121104$lBLL01$h1011
=CAT  \\$aWR13.005$c20130322$lBLL01$h1939
=CAT  \\$aBLDSS-3PM$b00$c20141214$lBLL01$h1519
=CAT  \\$aBATCH-UPD$b00$c20150215$lBLL01$h1620
=CAT  \\$aIPL-CLA$c20150228$lBLL01$h2042
=CAT  \\$aBATCH-UPD$b00$c20160413$lBLL01$h1805
=CAT  \\$a5552$b40$c20161128$lBLL01$h1231
=CAT  \\$aIPL-CLA$c20161230$lBLL01$h1856
=CAT  \\$aBATCH-UPD$b00$c20170104$lBLL01$h0050
=CAT  \\$aW1902-1304$c20190314$lBLL01$h1238
=CAT  \\$aBATCH-UPD$b00$c20190314$lBLL01$h1617
=CAT  \\$aIPL-CLA$c20190331$lBLL01$h1722
=CAT  \\$aDEL-3PM$c20190409$lBLL01$h0904
=CAT  \\$aBATCH-CLA$b00$c20190531$lBLL01$h1623
=CAT  \\$aIPL-CLA$c20190630$lBLL01$h1527
=CAT  \\$aBATCH-CLA$b00$c20210227$lBLL01$h1010
=CAT  \\$aIPL-CLA$c20210331$lBLL01$h1656
=CAT  \\$aBATCH-CLA$b00$c20221130$lBLL01$h1435
=CAT  \\$aIPL-CLA$c20221231$lBLL01$h1436
=CAT  \\$aBATCH-CLA$b00$c20230209$lBLL01$h1523
=CAT  \\$aIPL-CLA$c20230209$lBLL01$h2332
=CFI  0\$aCurrent Copyright Fee: GBP22.50$c0$e09-feb-2023$fGBP22.50$g0$hC$5Uk
=CFI  2\$aBritish Library not licensed to copy$c0$e01-jan-2023$hC$iCFP Excluded$5Uk
=EST  \\$a2
=FIN  \\$aY
=FMT  \\$a  SE
=LAS  \\$aIPL-CLA$b00$c20230209$lBLL01$h2332
=LEO  \\$aMP1.0003991850
=LEO  \\$aMP10.0000266805
=SRC  \\$aBLS01$bbibmp1.200404.2.ae
=SRC  \\$aDSS01$bbibmp10.200404.2.aa
=TCO  \\$aTRS$bCCC$c008
=TOC  \\$aETOC

