=LDR  05895cas a2201177 a 4500
=001  009207842
=003  Uk
=005  20230209233226.0
=007  ta
=008  860228c19uu9999cauqr\p\\\\\\\0\\\a0eng\\
=019  c\$a2377844
=022  \\$a0887-3267
=040  \\$aUk$cUk$dUk
=082  04$a150.1987$222
=210  0\$aHumanist. psychol.
=222  \4$aThe humanistic psychologist
=245  04$aThe humanistic psychologist.
=260  \\$aCarrollton, Ga. :$bDivision of Humanistic Psychology, The American Psychological Association
=260  2\$aMahwah, N.J. ;$aLondon :$bLawrence Erlbaum Associates
=264  31$aPhiladelphia, PA :$bTaylor & Francis Group, LLC
=300  \\$av. ;$c23-26 cm.
=310  \\$aQuarterly,$b2003-
=321  \\$aThree issues yearly,$b-2002
=336  \\$atext$2rdacontent
=337  \\$aunmediated$2rdamedia
=338  \\$avolume$2rdacarrier
=540  \\$aCurrent Copyright Fee: GBP28.75$c0$5Uk
=550  \\$aJournal of the Division of Humanistic Psychology, The American Psychological Association.
=588  \\$aLatest issue consulted: volume 41, number 2 (April-June 2013).
=595  \\$aSEE ALSO CARD INDEX.
=650  \0$aHumanistic psychology$vPeriodicals.
=710  2\$aAmerican Psychological Association.$bDivision of Humanistic Psychology.
=776  08$iAlso issued online as:$tHumanistic psychologist (Online)$x1547-3333
=780  00$aAmerican Psychological Association. Division of Humanistic Psychology.$sNewsletter (American Psychological Association. Division of Humanistic Psychology)
=852  41$aBritish Library$bHMNTS$jZC.9.a.7619$3Volume 33, Number 1 (2005)-v. 43, no. 2 (2015)***Title now taken as electronic copy
=852  41$aBritish Library$bDSC$j4336.530800$3Volume 15, Part 1 (1987), Volume 15, Part 3 (1987)-Volume 32, Part 1 (2004), Volume 32, Part 3 (2004)-Volume 34, Number 2 (2006), Volume 34, Number 4 (2006)-Volume 36, Number 3/4 (2008)
=945  \\$aHUMANISTIC PSYCHOLOGIST
=959  \\$fHeld but not currently received
=A02  \\$a2377844
=ACF  \\$aPrevious copyright fee: GBP17.00$c30\0$e01-jan-2010$fGBP17.00$g0$hP$5Uk
=ACF  \\$aPrevious copyright fee: GBP16.00$c30\0$e01-jan-2009$fGBP16.00$g0$hP$5Uk
=ACF  \\$aPrevious Copyright Fee: GBP15.00$c30\0$e01-jan-2008$fGBP15.00$g0$hP$5Uk
=ACF  \\$aPrevious copyright fee: GBP12.00$c30\0$e01-jul-2007$fGBP12.00$g0$hP$5Uk
=ACF  \\$aPrevious copyright fee: GBP12.30$c30\0$e01-apr-2007$fGBP12.30$g0$hP$5Uk
=ACF  \\$aPrevious copyright fee: GBP12.97$c30\0$e01-oct-2006$fGBP12.97$g0$hP$5Uk
=ACF  \\$aPrevious copyright fee: GBP13.72$c30\0$e01-apr-2006$fGBP13.72$g0$hP$5Uk
=ACF  \\$aPrevious copyright fee: GBP13.33$c30\0$e01-jan-2006$fGBP13.33$g0$hP$5Uk
=ACF  \\$aPrevious copyright fee: GBP12.98$c30\0$e05-jul-2005$fGBP12.98$g0$hP$5Uk
=ACF  \\$aCurrent copyright fee: GBP5.00$c0$e01-jan-2003$fGBP5.00$g0$hC$5Uk
=ACF  \\$aCurrent copyright fee: GBP0.69$c0$e01-jul-2002$fGBP0.69$g0$hC$5Uk
=ACF  \\$aCurrent copyright fee: GBP2.50$c0$e04-jan-2001$fGBP2.50$g0$hC$5Uk
=ACF  \\$aPrevious copyright fee: GBP21.00$c30\0$e01-jan-2011$fGBP21.00$g0$hP$5Uk
=ACF  \\$aPrevious copyright fee: GBP23.00$c30\0$e01-jan-2012$fGBP23.00$g0$hP$5Uk
=ACF  \\$aPrevious copyright fee: GBP23.50$c30\0$e01-jan-2013$fGBP23.50$g0$hP$5Uk
=ACF  \\$aPrevious copyright fee: GBP24.00$c30\0$e01-jan-2014$fGBP24.00$g0$hP$5Uk
=ACF  \\$aPrevious copyright fee: GBP25.00$c30\0$e01-jan-2015$fGBP25.00$g0$hP$5Uk
=ACF  \\$aPrevious copyright fee: GBP26.00$c30\0$e01-jan-2016$fGBP26.00$g0$hP$5Uk
=ACF  \\$aPrevious copyright fee: GBP28.00$c30\0$e01-jan-2017$fGBP28.00$g0$hP$5Uk
=ACF  \\$aPrevious copyright fee: GBP30.00$c30\0$e01-jan-2018$fGBP30.00$g0$hP$5Uk
=ACF  \\$aPrevious copyright fee: GBP34.00$c30\0$e01-jan-2020$fGBP34.00$g0$hP$5Uk
=ACF  \\$aPrevious copyright fee: GBP32.00$c30\0$e01-jan-2019$fGBP32.00$g0$hP$5Uk
=ACF  \\$aBritish Library not licensed to copy$c0$e29-oct-2020$hC$iTX$5Uk
=ACF  \\$aPrevious Copyright Fee: GBP28.75$c0$e01-jan-2021$fGBP28.75$g0$hC$5Uk
=CAT  \\$aCONV$b00$c20040425$lBLL90$h0704
=CAT  \\$aIPL-CLA$c20130102$lBLL01$h1654
=CAT  \\$aWR13.005$c20130322$lBLL01$h1941
=CAT  \\$a8323$b40$c20130722$lBLL01$h1353
=CAT  \\$aBATCH-UPD$b40$c20131119$lBLL01$h2118
=CAT  \\$aIPL-CLA$c20131231$lBLL01$h2003
=CAT  \\$aBATCH-UPD$b00$c20141124$lBLL01$h1818
=CAT  \\$aBLDSS-3PM$b00$c20141130$lBLL01$h1245
=CAT  \\$aIPL-CLA$c20141231$lBLL01$h1643
=CAT  \\$aBATCH-UPD$b00$c20151119$lBLL01$h1555
=CAT  \\$aIPL-CLA$c20151231$lBLL01$h1909
=CAT  \\$aBATCH-UPD$b00$c20160413$lBLL01$h1806
=CAT  \\$aBATCH-UPD$b00$c20160923$lBLL01$h1928
=CAT  \\$aBATCH-UPD$b00$c20161122$lBLL01$h1527
=CAT  \\$aIPL-CLA$c20161230$lBLL01$h1857
=CAT  \\$aBATCH-UPD$b00$c20171121$lBLL01$h1709
=CAT  \\$aIPL-CLA$c20171231$lBLL01$h1432
=CAT  \\$aBATCH-UPD$b00$c20181217$lBLL01$h1657
=CAT  \\$aIPL-CLA$c20181231$lBLL01$h1535
=CAT  \\$aBATCH-UPD$b00$c20191122$lBLL01$h1913
=CAT  \\$aIPL-CLA$c20191231$lBLL01$h1754
=CAT  \\$a5552$b40$c20201029$lBLL01$h0751
=CAT  \\$aBATCH-CLA$b00$c20201126$lBLL01$h1418
=CAT  \\$aIPL-CLA$c20201231$lBLL01$h1521
=CAT  \\$aBATCH-CLA$b00$c20221130$lBLL01$h1440
=CAT  \\$aIPL-CLA$c20221231$lBLL01$h1436
=CAT  \\$aBATCH-CLA$b00$c20230209$lBLL01$h1527
=CAT  \\$aIPL-CLA$c20230209$lBLL01$h2332
=CFI  0\$aCurrent Copyright Fee: GBP28.75$c0$e09-feb-2023$fGBP28.75$g0$hC$5Uk
=CFI  2\$aBritish Library not licensed to copy$c0$e01-jan-2023$hC$iCFP Excluded$5Uk
=EST  \\$a2
=FIN  \\$aY
=FMT  \\$a  SE
=LAS  \\$aIPL-CLA$b00$c20230209$lBLL01$h2332
=LEO  \\$aMP10.0000272124
=SRC  \\$aDSS01$bbibmp10.200404.2.aa
=TCO  \\$aTRS$bCCC$c008
=TOC  \\$aETOC

