=LDR  04986cas a2201129 a 4500
=001  009542410
=003  Uk
=005  20230209233237.0
=007  ta
=008  770419c19509999iluqr\p\\\\\\\0\\\a0eng\\
=019  c\$a2038635
=019  x\$a0994190131
=022  0\$a0007-0882$z0374-6348
=040  \\$aUk$beng$cUk$dUk
=042  \\$aukblsr
=082  04$a501$222
=210  0\$aBr. j. philos. sci.
=222  \0$aBritish journal for the philosophy of science
=245  00$aBritish journal for the philosophy of science.
=246  1\$iCover title:$aThe British journal for the philosophy of science
=260  \\$aAberdeen :$bAberdeen University Press,$c1950-
=260  2\$31991-$aOxford :$bOxford University Press
=264  31$32021-$aChicago, IL :$bUniversity of Chicago Press
=300  \\$av. ;$c25 cm.
=310  \\$aQuarterly
=336  \\$atext$2rdacontent
=337  \\$aunmediated$2rdamedia
=338  \\$avolume$2rdacarrier
=362  0\$aVol. 1, no. 1 (May 1950)-
=540  \\$aCurrent Copyright Fee: GBP25.00$c0$5Uk
=588  \\$aLatest issue consulted: volume 72, number 3 (September 2021).
=650  \0$aScience$xPhilosophy$vPeriodicals.
=710  2\$aBritish Society for the Philosophy of Science.
=776  08$iAlso issued online as:$tBritish journal for the philosophy of science (Online)$x1464-3537
=852  41$aBritish Library$bDSC$j2316.000000$3Vol. 1 (1950)-v. 65, no. 1 (2014)***UKRR Retained Title
=852  41$aBritish Library$bHMNTS$jAc.3019.f/2.$3Vol. 1, no. 1 (May 1950)- v. 64 no. 4 (Dec.2013)***Title now taken as electronic copy
=945  \\$aBRITISH JOURNAL FOR THE PHILOSOPHY OF SCIENCE.
=959  \\$fHeld but not currently received
=963  \\$aVOL. 1, 1950- *A=1$bY$cP340:1.C.255
=964  \\$aVOL. 1, 1950- *A=1$c93$dO$eJB75
=985  \\$aRecord merged by SUNCAT team
=985  \\$aISSN UK Centre: ISSN responsibility transferred to US Center 24/9/2021.
=ACF  \\$aPrevious copyright fee: GBP12.00$c29\0$e01-jan-2004$fGBP12.00$g0$hP$5Uk
=ACF  \\$aCurrent copyright fee: GBP8.00$c29\0$e01-apr-2002$fGBP8.00$g0$hP$5Uk
=ACF  \\$aBritish Library not licensed to copy$c0$e16-mar-1998$g0$iCLA-excluded$5Uk
=ACF  \\$aPrevious copyright fee: GBP13.00$c29\0$e01-jan-2006$fGBP13.00$g0$hP$5Uk
=ACF  \\$aPrevious copyright fee: GBP14.00$c29\0$e01-jan-2008$fGBP14.00$g0$hP$5Uk
=ACF  \\$aPrevious copyright fee: GBP20.00$c29\0$e01-jan-2013$fGBP20.00$g0$hP$5Uk
=ACF  \\$aPrevious copyright fee: GBP23.00$c29\0$e01-jan-2015$fGBP23.00$g0$hP$5Uk
=ACF  \\$aPrevious copyright fee: GBP24.00$c29\0$e01-jan-2016$fGBP24.00$g0$hP$5Uk
=ACF  \\$aPrevious copyright fee: GBP26.00$c29\0$e01-jan-2017$fGBP26.00$g0$hP$5Uk
=ACF  \\$aPrevious copyright fee: GBP27.00$c29\0$e01-jan-2018$fGBP27.00$g0$hP$5Uk
=ACF  \\$aPrevious Copyright Fee: GBP29.00$c29\0$e01-jan-2020$fGBP29.00$g0$hP$5Uk
=ACF  \\$aPrevious copyright fee: GBP28.00$c29\0$e01-jan-2019$fGBP28.00$g0$hP$5Uk
=ACF  \\$aPrevious Copyright Fee: GBP22.50$c0$e15-feb-2021$fGBP22.50$g0$hA$5Uk
=CAT  \\$aCONV$b00$c20040425$lBLL90$h0848
=CAT  \\$aIPL-CLA$c20121231$lBLL01$h1251
=CAT  \\$aIPL-CLA$c20130102$lBLL01$h1655
=CAT  \\$aWR13.005$c20130323$lBLL01$h1235
=CAT  \\$a11205$b40$c20140116$lBLL01$h1532
=CAT  \\$aBATCH-UPD$b40$c20141124$lBLL01$h1809
=CAT  \\$aBLDSS-3PM$b00$c20141208$lBLL01$h1622
=CAT  \\$aIPL-CLA$c20141231$lBLL01$h1644
=CAT  \\$aBATCH-UPD$b00$c20151119$lBLL01$h1550
=CAT  \\$aIPL-CLA$c20151231$lBLL01$h1910
=CAT  \\$aBATCH-UPD$b00$c20160413$lBLL01$h1806
=CAT  \\$aBATCH-UPD$b00$c20160524$lBLL01$h2207
=CAT  \\$aBATCH-UPD$b00$c20160524$lBLL01$h2355
=CAT  \\$aBATCH-UPD$b00$c20161122$lBLL01$h1520
=CAT  \\$aIPL-CLA$c20161230$lBLL01$h1907
=CAT  \\$aBATCH-UPD$b00$c20171121$lBLL01$h1702
=CAT  \\$aIPL-CLA$c20171231$lBLL01$h1440
=CAT  \\$aBATCH-UPD$b00$c20181217$lBLL01$h1651
=CAT  \\$aIPL-CLA$c20181231$lBLL01$h1535
=CAT  \\$aR1911-1518$c20191206$lBLL01$h1406
=CAT  \\$aIPL-CLA$c20191231$lBLL01$h1801
=CAT  \\$a5552$b40$c20210215$lBLL01$h1438
=CAT  \\$aDEL-3PM$c20210224$lBLL01$h1027
=CAT  \\$a10973$b40$c20210924$lBLL01$h1329
=CAT  \\$aBATCH-CLA$b00$c20221130$lBLL01$h1442
=CAT  \\$aIPL-CLA$c20221231$lBLL01$h1437
=CAT  \\$aBATCH-CLA$b00$c20230209$lBLL01$h1529
=CAT  \\$aIPL-CLA$c20230209$lBLL01$h2332
=CFI  0\$aCurrent Copyright Fee: GBP25.00$c0$e09-feb-2023$fGBP25.00$g0$hC$5Uk
=CFI  2\$aBritish Library not licensed to copy$c0$e01-jan-2023$hC$iCFP Excluded$5Uk
=EST  \\$a2
=FIN  \\$aY
=FMT  \\$a  SE
=LAS  \\$aIPL-CLA$b00$c20230209$lBLL01$h2332
=LEO  \\$aMP1.0001186537
=LEO  \\$aMP10.0000110754
=LEO  \\$aMP22.0000000271
=SRC  \\$aBLS01$bbibmp1.200404.2.ab
=SRC  \\$aDSS01$bbibmp10.200404.2.aa
=SRC  \\$aISN01$bbibmp22.200404.2.aa
=TCO  \\$aCLA$bCLA$c008
=TOC  \\$aETOC

