=LDR  04468cas a2201057 a 4500
=001  009542834
=003  Uk
=005  20230209233242.0
=007  ta
=008  760728c19659999enkqr\p\\\\\\\0\\\a0eng\\
=019  c\$a2075870
=019  x\$a1300010061
=022  0\$a0017-257X$202
=040  \\$aUk$cUk$dUk
=042  \\$aissnuk
=082  04$a320.05$222
=210  0\$aGov. & oppos.$b(Lond.)
=222  \0$aGovernment and opposition$b(London)
=245  00$aGovernment and opposition.
=260  \\$aLondon :$bGovernment and Opposition,$c1965-
=264  31$aCambridge :$bCambridge University Press
=300  \\$av. ;$c22 cm.
=310  \\$aQuarterly
=336  \\$atext$2rdacontent
=337  \\$aunmediated$2rdamedia
=338  \\$avolume$2rdacarrier
=540  \\$aCurrent Copyright Fee: GBP22.50$c0$5Uk
=588  \\$aLatest issue consulted: volume 49, number 2 (April 2014).
=650  \0$aPolitical science$vPeriodicals.
=710  2\$aLondon School of Economics and Political Science.
=776  08$iOnline version:$tGovernment and opposition (London. Online)$x1477-7053
=852  41$aBritish Library$bDSC$j4203.900000$3Vol. 1 (1965)-v. 47, no. 1 (2012)***Stock incomplete. Deficient: Vol. 46, no. 4 (2011)***UKRR Retained Title
=852  41$aBritish Library$bHMNTS$jP.701/42$3Title now taken as electronic copy
=945  \\$aGOVERNMENT AND OPPOSITION.
=959  \\$fHeld but not currently received
=963  \\$aVOL. 1, 1965- *A=1$bY$cP207.C.6
=985  \\$aRecord merged by DQ team
=ACF  \\$aPrevious copyright fee: GBP16.00$c10\0$e01-jan-2006$fGBP16.00$g0$hP$5Uk
=ACF  \\$aPrevious copyright fee: GBP15.00$c10\0$e01-apr-2004$fGBP15.00$g0$hP$5Uk
=ACF  \\$aCurrent copyright fee: GBP13.00$c10\0$e01-apr-2003$fGBP13.00$g0$hP$5Uk
=ACF  \\$aCurrent copyright fee: GBP13.00$c10\6$e27-mar-2003$fGBP13.00$g0$hP$5Uk
=ACF  \\$aPrevious copyright fee: GBP22.00$c10\0$e01-jan-2011$fGBP22.00$g0$hP$5Uk
=ACF  \\$aPrevious copyright fee: GBP17.00$c10\0$e01-jan-2009$fGBP17.00$g0$hP$5Uk
=ACF  \\$aPrevious copyright fee: GBP20.00$c43\0$e02-oct-2013$fGBP20.00$g0$hP$5Uk
=ACF  \\$aPrevious copyright fee: GBP25.00$c43\0$e01-jul-2016$fGBP25.00$g0$hP$5Uk
=ACF  \\$aPrevious Copyright Fee: GBP17.50$c0$e01-apr-2019$fGBP17.50$g0$hA$5Uk
=ACF  \\$aPrevious Copyright Fee: GBP20.00$c0$e01-jul-2019$fGBP20.00$g0$hC$5Uk
=ACF  \\$aPrevious Copyright Fee: GBP10.00$c0$e01-apr-2020$fGBP10.00$g0$hC$5Uk
=ACF  \\$aPrevious Copyright Fee: GBP22.50$c0$e01-apr-2021$fGBP22.50$g0$hC$5Uk
=CAT  \\$aCONV$b00$c20040425$lBLL90$h0848
=CAT  \\$aIPL-CLA$c20101231$lBLL01$h1304
=CAT  \\$aBATCH-CLA$b00$c20121104$lBLL01$h1004
=CAT  \\$aWR12_168$c20121206$lBLL01$h1810
=CAT  \\$a5997$b40$c20130107$lBLL01$h1108
=CAT  \\$a5997$b40$c20130107$lBLL01$h1123
=CAT  \\$aWR13.005$c20130323$lBLL01$h1235
=CAT  \\$a5552$b40$c20131002$lBLL01$h0847
=CAT  \\$a5997$b40$c20140807$lBLL01$h1446
=CAT  \\$aBLDSS-3PM$b00$c20141208$lBLL01$h1622
=CAT  \\$aBATCH-UPD$b00$c20160524$lBLL01$h2234
=CAT  \\$aBATCH-UPD$b00$c20160525$lBLL01$h0410
=CAT  \\$a5552$b40$c20160603$lBLL01$h0838
=CAT  \\$aIPL-CLA$c20160630$lBLL01$h1604
=CAT  \\$aW1902-1304$c20190314$lBLL01$h1238
=CAT  \\$aBATCH-UPD$b00$c20190314$lBLL01$h1617
=CAT  \\$aIPL-CLA$c20190331$lBLL01$h1722
=CAT  \\$aDEL-3PM$c20190409$lBLL01$h0904
=CAT  \\$aBATCH-CLA$b00$c20190531$lBLL01$h1623
=CAT  \\$aIPL-CLA$c20190630$lBLL01$h1527
=CAT  \\$aBATCH-CLA$b00$c20200228$lBLL01$h1636
=CAT  \\$aIPL-CLA$c20200331$lBLL01$h1606
=CAT  \\$aBATCH-CLA$b00$c20210227$lBLL01$h1013
=CAT  \\$aIPL-CLA$c20210331$lBLL01$h1656
=CAT  \\$aBATCH-CLA$b00$c20221130$lBLL01$h1448
=CAT  \\$aIPL-CLA$c20221231$lBLL01$h1437
=CAT  \\$aBATCH-CLA$b00$c20230209$lBLL01$h1535
=CAT  \\$aIPL-CLA$c20230209$lBLL01$h2332
=CFI  0\$aCurrent Copyright Fee: GBP22.50$c0$e09-feb-2023$fGBP22.50$g0$hC$5Uk
=CFI  2\$aBritish Library not licensed to copy$c0$e01-jan-2023$hC$iCFP Excluded$5Uk
=EST  \\$a2
=FIN  \\$aY
=FMT  \\$a  SE
=LAS  \\$aIPL-CLA$b00$c20230209$lBLL01$h2332
=LEO  \\$aMP1.0001558846
=LEO  \\$aMP10.0000251640
=LEO  \\$aMP22.0000000842
=SRC  \\$aBLS01$bbibmp1.200404.2.ab
=SRC  \\$aDSS01$bbibmp10.200404.2.aa
=SRC  \\$aISN01$bbibmp22.200404.2.aa
=TCO  \\$aCLA$bCLA$c008
=TOC  \\$aETOC

