=LDR  05760cas a22012017a 4500
=001  009542957
=003  Uk
=005  20230209233243.0
=007  ta
=008  780715c19529999enkqr\p\\\\\\\0\\\a0eng\\
=019  c\$a2085226
=019  x\$a1991500017
=022  0\$a0020-5893$202
=040  \\$aUk$cUk$dUk
=042  \\$aissnuk
=082  04$a340.2$222
=210  0\$aInt. comp. law q.
=222  \0$aInternational and comparative law quarterly
=245  04$aThe international and comparative law quarterly.
=260  \\$aLondon :$bBritish Institute of International and Comparative Law,$c1952-
=260  3\$aOxford :$bOxford University Press
=260  3\$32008-$bCambridge University Press$aCambridge
=310  \\$aQuarterly
=336  \\$atext$2rdacontent
=337  \\$aunmediated$2rdamedia
=338  \\$avolume$2rdacarrier
=362  0\$aVol. 1, no. 1 (Jan. 1952)-
=500  \\$aFrom vol. 8, no. 1 (Jan. 1959) onwards published by the British Institute of International and Comparative Law.
=515  \\$aVol. 1- called 4th- series to continue the numbering of the Journal of comparative legislation and international law.
=540  \\$aCurrent Copyright Fee: GBP10.00$c0$5Uk
=580  \\$aFormed by the union of: International law quarterly, and: Journal of comparative legislation and international law.
=595  \\$aABSORBS 4542.789 AND 4961.97 SEE ALSO CARD INDEX.
=710  2\$aBritish Institute of International and Comparative Law.
=710  2\$aSociety of Comparative Legislation.
=776  08$iOnline version:$tInternational and comparative law quarterly (Online)$x1471-6895
=780  14$tInternational law quarterly$x1479-5930
=780  14$tJournal of comparative legislation and international law$x1479-5949
=780  05$tTransactions of the Grotius Society
=852  41$aBritish Library$bDSC$j4535.700000$3Vol. 1, pt. 1 (1952)-v. 62, pt. 4 (2013)***UKRR Retained Title
=852  41$aBritish Library$bHMNTS$jAc.2177$3Vol. 1, no. 1 (Jan. 1952)-vol. 62, pt. 4 (Oct. 2013)***Title now taken as electronic copy
=945  \\$aINTERNATIONAL AND COMPARATIVE LAW QUARTERLY.
=959  \\$fHeld but not currently received
=963  \\$a4TH, SER: VOL. 1, 1952- *A=1$bY$cP250.C.60
=985  \\$aCorrected by MS generated file for WR# 12.018
=985  \\$aRecord merged by DQ team
=ACF  \\$aPrevious Copyright Fee: GBP10.00$c0$e01-oct-2010$fGBP10.00$g0$hC$5Uk
=ACF  \\$aPrevious Copyright Fee: GBP15.00$c0$e01-jul-2010$fGBP15.00$g0$hC$5Uk
=ACF  \\$aPrevious Copyright Fee: GBP15.00$c0$e01-apr-2010$fGBP15.00$g0$hC$5Uk
=ACF  \\$aPrevious Copyright Fee: GBP15.00$c0$e01-Jan-2010$fGBP15.00$g0$hC$5Uk
=ACF  \\$aPrevious Copyright Fee: GBP15.00$c0$e01-oct-2009$fGBP15.00$g0$hC$5Uk
=ACF  \\$aPrevious Copyright Fee: GBP10.00$c0$e01-jul-2009$fGBP10.00$g0$hC$5Uk
=ACF  \\$aPrevious copyright fee: GBP6.00$c0$e15-apr-2009$fGBP6.00$g0$hA$5Uk
=ACF  \\$aCurrent copyright fee: GBP18.00$c29\0$e01-jan-2008$fGBP18.00$g0$hP$5Uk
=ACF  \\$aPrevious copyright fee: GBP16.00$c29\0$e01-jan-2006$fGBP16.00$g0$hP$5Uk
=ACF  \\$aPrevious copyright fee: GBP15.00$c29\0$e01-jan-2004$fGBP15.00$g0$hP$5Uk
=ACF  \\$aCurrent copyright fee: GBP10.00$c29\0$e01-apr-2002$fGBP10.00$g0$hP$5Uk
=ACF  \\$aCurrent copyright fee: GBP3.51$c0$e01-jul-2001$fGBP3.51$g0$hC$5Uk
=ACF  \\$aCurrent Copyright Fee: GBP10.00$c0$e01-jan-2011$fGBP10.00$g0$hC$5Uk
=ACF  \\$aPrevious copyright fee: GBP20.00$c43\0$e15-feb-2011$fGBP20.00$g0$hP$5Uk
=ACF  \\$aPrevious copyright fee: GBP25.00$c43\0$e01-jul-2016$fGBP25.00$g0$hP$5Uk
=ACF  \\$aPrevious Copyright Fee: GBP17.50$c0$e01-apr-2019$fGBP17.50$g0$hA$5Uk
=ACF  \\$aPrevious Copyright Fee: GBP10.00$c0$e01-jul-2019$fGBP10.00$g0$hC$5Uk
=CAT  \\$aCONV$b00$c20040425$lBLL90$h0848
=CAT  \\$aBATCH-UPD$b00$c20100630$lBLL01$h1913
=CAT  \\$aBATCH-UPD$b00$c20100630$lBLL01$h1949
=CAT  \\$aIPL-CLA$c20100630$lBLL01$h2015
=CAT  \\$aBATCH-CLA$b00$c20100831$lBLL01$h1542
=CAT  \\$aIPL-CLA$c20100930$lBLL01$h1459
=CAT  \\$aBATCH-CLA$b00$c20101115$lBLL01$h1608
=CAT  \\$aIPL-CLA$c20101231$lBLL01$h1304
=CAT  \\$a5552$b40$c20110215$lBLL01$h1040
=CAT  \\$aCDS12-UPD$b40$c20111002$lBLL01$h2317
=CAT  \\$aBLSS-CORR$b00$c20120724$lBLL01$h1756
=CAT  \\$aBATCH-CLA$b00$c20121104$lBLL01$h1004
=CAT  \\$aBATCH-UPD$b00$c20121105$lBLL01$h1135
=CAT  \\$a5997$b40$c20130103$lBLL01$h1312
=CAT  \\$aWR13.005$c20130323$lBLL01$h1235
=CAT  \\$aBLDSS-3PM$b00$c20141208$lBLL01$h1622
=CAT  \\$a5552$b40$c20160603$lBLL01$h0851
=CAT  \\$aIPL-CLA$c20160630$lBLL01$h1604
=CAT  \\$aW1902-1304$c20190314$lBLL01$h1238
=CAT  \\$aBATCH-UPD$b00$c20190314$lBLL01$h1617
=CAT  \\$aIPL-CLA$c20190331$lBLL01$h1722
=CAT  \\$aDEL-3PM$c20190409$lBLL01$h0904
=CAT  \\$aBATCH-CLA$b00$c20190531$lBLL01$h1623
=CAT  \\$aIPL-CLA$c20190630$lBLL01$h1527
=CAT  \\$aBATCH-CLA$b00$c20221130$lBLL01$h1448
=CAT  \\$aIPL-CLA$c20221231$lBLL01$h1437
=CAT  \\$aBATCH-CLA$b00$c20230209$lBLL01$h1535
=CAT  \\$aIPL-CLA$c20230209$lBLL01$h2332
=CFI  0\$aCurrent Copyright Fee: GBP10.00$c0$e09-feb-2023$fGBP10.00$g0$hC$5Uk
=CFI  2\$aBritish Library not licensed to copy$c0$e01-jan-2023$hC$iCFP Excluded$5Uk
=EST  \\$a2
=FIN  \\$aY
=FMT  \\$a  SE
=LAS  \\$aIPL-CLA$b00$c20230209$lBLL01$h2332
=LEO  \\$aMP10.0000290779
=LEO  \\$aMP22.0000001016
=LKR  \\$aPAR$b009858983$lBLL01$r78014$mInternational and comparative law quarterly$nInternational law quarterly
=SRC  \\$aDSS01$bbibmp10.200404.2.aa
=SRC  \\$aISN01$bbibmp22.200404.2.aa
=TCO  \\$aCLA$bCLA$c008
=TOC  \\$aETOC

