=LDR  05011cas a2201093 a 4500
=001  007183926
=003  Uk
=005  20230209233031.0
=007  ta
=008  040409c19929999pl\qr\p\\\\\\\0\\\a0eng\\
=019  c\$a2490955
=022  0\$a1230-3402
=040  \\$aUk$cUk$dUk
=082  04$a621.381045$222
=245  00$aOpto-electronics review.
=246  30$aOptoelectronics review
=260  \\$aWarszawa :$bSIGMA NOT Ltd.,$c[1992-
=300  \\$av. :$bill. ;$c30 cm.
=310  \\$aQuarterly
=336  \\$atext$2rdacontent
=337  \\$aunmediated$2rdamedia
=338  \\$avolume$2rdacarrier
=362  0\$a1'92-
=540  \\$aCurrent Copyright Fee: GBP34.00$c0$5Uk
=550  \\$aIssued by: Polish Chapter of SPIE and Polish Opto-electronics Committee of SEP, <93'3- >
=650  \0$aOptoelectronic devices$vPeriodicals.
=710  2\$aSociety of Photo-Optical Instrumentation Engineers.$bPoland Chapter.
=710  2\$aPolish Opto-electronics Committee of SEP.
=776  08$iAlso issue online as$tOpto-electronics review$x1896-3757
=852  41$aBritish Library$bDSC$j6275.720800$31992,1; 1993,2-v. 18, no. 4 (2010)
=945  \\$aOPTOELECTRONICS REVIEW.
=959  \\$fHeld but not currently received
=985  \\$aCorrected by MS generated file for WR# 12.018
=A02  \\$a2490955
=ACF  \\$aPrevious copyright fee: GBP21.25$c4\9$e01-jan-2009$fGBP21.25$g0$hP$5Uk
=ACF  \\$aPrevious copyright fee: GBP16.75$c4\9$e01-jan-2007$fGBP16.75$g0$hP$5Uk
=ACF  \\$aPrevious Copyright Fee: GBP16.22$c4\9$e01-oct-2006$fGBP16.22$g0$hP$5Uk
=ACF  \\$aPrevious Copyright Fee: GBP17.14$c4\9$e22-sep-2006$fGBP17.14$g0$hP$5Uk
=ACF  \\$aPrevious Copyright Fee: GBP5.00$c0$e01-jul-2002$fGBP5.00$g0$hC$5Uk
=ACF  \\$aCurrent copyright fee: GBP2.50$c0$e01-jul-1998$fGBP2.50$g0$hC$5Uk
=ACF  \\$aCurrent copyright fee: GBP2.30$c0$e01-apr-1997$fGBP2.30$g0$hC$5Uk
=ACF  \\$aPrevious copyright fee: GBP22.00$c4\9$e01-apr-2009$fGBP22.00$g0$hP$5Uk
=ACF  \\$aPrevious copyright fee: GBP22.00$c4\9$e12-aug-2012$fGBP22.00$g0$hP$5Uk
=ACF  \\$aPrevious copyright fee: GBP25.00$c4\9$e01-jan-2013$fGBP25.00$g0$hP$5Uk
=ACF  \\$aPrevious copyright fee: GBP25.77$c4\9$e01-jul-2013$fGBP25.77$g0$hP$5Uk
=ACF  \\$aPrevious copyright fee: GBP24.97$c4\9$e01-jan-2014$fGBP24.97$g0$hP$5Uk
=ACF  \\$aPrevious copyright fee: GBP24.21$c4\9$e01-jul-2014$fGBP24.21$g0$hP$5Uk
=ACF  \\$aPrevious copyright fee: GBP25.77$c4\9$e01-apr-2015$fGBP25.77$g0$hP$5Uk
=ACF  \\$aPrevious copyright fee: GBP27.00$c56\0$e05-jan-2016$fGBP27.00$g0$hP$5Uk
=ACF  \\$aPrevious copyright fee: GBP25.77$c4\9$e01-oct-2015$fGBP25.77$g0$hP$5Uk
=ACF  \\$aPrevious copyright fee: GBP26.63$c4\9$e01-jul-2015$fGBP26.63$g0$hP$5Uk
=ACF  \\$aPrevious copyright fee: GBP22.50$c5\1$e29-jun-2017$fGBP22.50$g0$hP$5Uk
=ACF  \\$aPrevious copyright fee: GBP23.40$c5\1$e01-jan-2018$fGBP23.40$g0$hP$5Uk
=ACF  \\$aPrevious copyright fee: GBP32.84$c5\1$e01-jul-2019$fGBP32.84$g0$hP$5Uk
=ACF  \\$aPrevious Copyright Fee: GBP20.00$c0$e01-jan-2020$fGBP20.00$g0$hA$5Uk
=ACF  \\$aPrevious Copyright Fee: GBP23.40$c0$e01-apr-2020$fGBP23.40$g0$hC$5Uk
=ACF  \\$aPrevious Copyright Fee: GBP34.00$c0$e01-apr-2021$fGBP34.00$g0$hC$5Uk
=CAT  \\$aCONV$b00$c20040425$lBLL90$h0707
=CAT  \\$aIPL-CLA$c20150331$lBLL01$h1614
=CAT  \\$aBATCH-UPD$b00$c20150520$lBLL01$h1938
=CAT  \\$aIPL-CLA$c20150630$lBLL01$h1631
=CAT  \\$aBATCH-UPD$b00$c20150820$lBLL01$h2007
=CAT  \\$aIPL-CLA$c20150930$lBLL01$h1740
=CAT  \\$a5552$b40$c20160105$lBLL01$h0928
=CAT  \\$aBATCH-UPD$b40$c20160413$lBLL01$h1800
=CAT  \\$aBATCH-UPD$b40$c20160524$lBLL01$h2233
=CAT  \\$aBATCH-UPD$b40$c20160525$lBLL01$h0337
=CAT  \\$a5552$b40$c20170629$lBLL01$h1434
=CAT  \\$aBATCH-UPD$b40$c20171121$lBLL01$h1737
=CAT  \\$aIPL-CLA$c20171231$lBLL01$h1337
=CAT  \\$aBATCH-UPD$b00$c20190521$lBLL01$h1430
=CAT  \\$aIPL-CLA$c20190630$lBLL01$h1524
=CAT  \\$a5552$b40$c20191129$lBLL01$h1203
=CAT  \\$aIPL-CLA$c20191231$lBLL01$h1712
=CAT  \\$aDEL-3PM$c20200108$lBLL01$h0853
=CAT  \\$aBATCH-CLA$b00$c20200228$lBLL01$h1637
=CAT  \\$aIPL-CLA$c20200331$lBLL01$h1602
=CAT  \\$aBATCH-CLA$b00$c20210227$lBLL01$h1013
=CAT  \\$aIPL-CLA$c20210331$lBLL01$h1654
=CAT  \\$aBATCH-CLA$b00$c20221130$lBLL01$h1445
=CAT  \\$aIPL-CLA$c20221231$lBLL01$h1432
=CAT  \\$aBATCH-CLA$b00$c20230209$lBLL01$h1532
=CAT  \\$aIPL-CLA$c20230209$lBLL01$h2330
=CAT  \\$aBATCH-UPD$b00$c20231009$lBLL01$h2144
=CFI  0\$aCurrent Copyright Fee: GBP34.00$c0$e09-feb-2023$fGBP34.00$g0$hC$5Uk
=CFI  2\$aBritish Library not licensed to copy$c0$e01-jan-2023$hC$iCFP Excluded$5Uk
=EST  \\$a2
=FIN  \\$aY
=FMT  \\$a  SE
=LAS  \\$aBATCH-UPD$b00$c20231009$lBLL01$h2144
=LEO  \\$aMP10.0000423443
=SRC  \\$aDSS01$bbibmp10.200404.2.aa
=TCO  \\$aXXX$c008
=TOC  \\$aETOC

