=LDR  05484cas a2201285 a 4500
=001  007853042
=003  Uk
=005  20230209233109.0
=006  aac\\|||||||||||||
=007  ta
=008  010420c20009999enkqr\p\\\\\\\0\\\a0eng\\
=010  \\$a00251117
=015  \\$aGBA109851$2bnb
=019  c\$a2593177
=019  y\$abA109851
=019  9\$abA109851
=019  1\$abA109851
=022  0\$a1467-2227$202
=039  0\$a2639
=040  \\$aUk$cUk$dUk
=042  \\$alc$aissnuk
=050  14$aHF5001$b.E58
=082  04$a338.09$221
=210  0\$aEnterp. soc.$b(Print)
=222  \0$aEnterprise & Society$b(Print)
=245  00$aEnterprise & society.
=246  3\$aEnterprise and society
=260  \\$aCary N.C. ;$aOxford :$bPublished by Oxford University Press for the Business History Conference,$c2000-
=300  \\$av. :$bill., ports. ;$c26 cm.
=310  \\$aQuarterly
=336  \\$atext$2rdacontent
=337  \\$aunmediated$2rdamedia
=338  \\$avolume$2rdacarrier
=362  0\$aVol. 1, no. 1 (Mar. 2000)-
=500  \\$aIncludes proceedings of annual meetings of the Business History Conference.
=520  \\$a"The international journal of business history."
=540  \\$aCurrent Copyright Fee: GBP22.50$c0$5Uk
=580  \\$aContinues: Business and economic history (the proceedings volume of the Business History Conference), from 2000 appears as fourth issue of Enterprise & society.
=650  \0$aBusiness$xHistory$vPeriodicals.
=650  \0$aBusiness enterprises$xHistory$vPeriodicals.
=650  \0$aCommerce$xHistory$vPeriodicals.
=690  7\$aManagement and Business Studies$2blcoll
=710  2\$aBusiness History Conference.
=776  08$iAlso available online as:$tEnterprise & society (Online)$x1467-2235
=780  10$tBusiness and economic history$x0894-6825
=852  41$aBritish Library$bDSC$j3776.620250$3Vol. 1, no. 1 (2000)-v. 15, no. 3 (2014)***UKRR Retained Title***Stock Incomplete
=852  41$aBritish Library$bHMNTS$jZC.9.a.5867$3Vol. 1, no. 1 (Mar. 2000)-v. 14 , no. 4 (2013)***Title now taken as electronic copy
=945  \\$aENTERPRISE AND SOCIETY.
=959  \\$fHeld but not currently received
=963  \\$aVOL. 1, 2000- *A=1$bN$cU
=985  \\$aRecord merged by DQ team
=ACF  \\$aPrevious copyright fee: GBP15.00$c29\0$e01-jan-2004$fGBP15.00$g0$hP$5Uk
=ACF  \\$aCurrent copyright fee: GBP10.00$c29\0$e01-apr-2002$fGBP10.00$g0$hP$5Uk
=ACF  \\$aCurrent copyright fee: GBP10.00$c0$e01-jul-2001$fGBP10.00$g0$hC$5Uk
=ACF  \\$aPrevious copyright fee: GBP16.00$c29\0$e01-jan-2006$fGBP16.00$g0$hP$5Uk
=ACF  \\$aPrevious copyright fee: GBP18.00$c29\0$e01-jan-2008$fGBP18.00$g0$hP$5Uk
=ACF  \\$aPrevious copyright fee: GBP20.00$c29\0$e01-jan-2013$fGBP20.00$g0$hP$5Uk
=ACF  \\$aPrevious Copyright Fee: GBP16.00$c0$e01-apr-2015$fGBP16.00$g0$hC$5Uk
=ACF  \\$aPrevious copyright fee: GBP12.30$c0$e01-jan-2015$fGBP12.30$g0$hA$5Uk
=ACF  \\$aPrevious copyright fee: GBP20.00$c43\0$e05-jun-2015$fGBP20.00$g0$hP$5Uk
=ACF  \\$aPrevious copyright fee: GBP25.00$c43\0$e01-jul-2016$fGBP25.00$g0$hP$5Uk
=ACF  \\$aPrevious Copyright Fee: GBP17.50$c0$e01-apr-2019$fGBP17.50$g0$hA$5Uk
=ACF  \\$aPrevious Copyright Fee: GBP10.00$c0$e01-jul-2019$fGBP10.00$g0$hC$5Uk
=ACF  \\$aPrevious Copyright Fee: GBP22.50$c0$e01-apr-2021$fGBP22.50$g0$hC$5Uk
=CAT  \\$aWR09-126
=CAT  \\$aIPL-CLA$c20130102$lBLL01$h1646
=CAT  \\$aWR13.005$c20130329$lBLL01$h1217
=CAT  \\$a5997$b40$c20140122$lBLL01$h1220
=CAT  \\$a5997$b40$c20140122$lBLL01$h1232
=CAT  \\$a5552$b40$c20141029$lBLL01$h1122
=CAT  \\$aBLDSS-3PM$b00$c20141208$lBLL01$h1622
=CAT  \\$aIPL-CLA$c20141231$lBLL01$h1641
=CAT  \\$aBATCH-CLA$b00$c20150227$lBLL01$h1628
=CAT  \\$aIPL-CLA$c20150331$lBLL01$h1616
=CAT  \\$a5552$b40$c20150605$lBLL01$h1206
=CAT  \\$aBATCH-UPD$b40$c20160413$lBLL01$h1802
=CAT  \\$aBATCH-UPD$b40$c20160524$lBLL01$h2233
=CAT  \\$aBATCH-UPD$b40$c20160525$lBLL01$h0340
=CAT  \\$a5552$b40$c20160603$lBLL01$h0832
=CAT  \\$aIPL-CLA$c20160630$lBLL01$h1603
=CAT  \\$aW1902-1304$c20190314$lBLL01$h1237
=CAT  \\$aBATCH-UPD$b00$c20190314$lBLL01$h1617
=CAT  \\$aIPL-CLA$c20190331$lBLL01$h1721
=CAT  \\$aDEL-3PM$c20190409$lBLL01$h0903
=CAT  \\$aBATCH-CLA$b00$c20190531$lBLL01$h1624
=CAT  \\$aIPL-CLA$c20190630$lBLL01$h1525
=CAT  \\$aBATCH-CLA$b00$c20210227$lBLL01$h1010
=CAT  \\$aIPL-CLA$c20210331$lBLL01$h1655
=CAT  \\$aBATCH-CLA$b00$c20221130$lBLL01$h1438
=CAT  \\$aIPL-CLA$c20221231$lBLL01$h1433
=CAT  \\$aBATCH-CLA$b00$c20230209$lBLL01$h1525
=CAT  \\$aIPL-CLA$c20230209$lBLL01$h2331
=CFI  0\$aCurrent Copyright Fee: GBP22.50$c0$e09-feb-2023$fGBP22.50$g0$hC$5Uk
=CFI  2\$aBritish Library not licensed to copy$c0$e01-jan-2023$hC$iCFP Excluded$5Uk
=EST  \\$a2
=FIN  \\$aY
=FMT  \\$a  SE
=LAS  \\$aIPL-CLA$b00$c20230209$lBLL01$h2331
=LEO  \\$aMP5.0001462306
=LEO  \\$aMP10.0000210897
=LEO  \\$aMP13.0000228638
=LEO  \\$aMP22.0000061630
=LKR  \\$aPAR$b011737876$lBLL01$r78010$mEnterprise & Society (Print)$nBusiness and economic history
=SID  \\$aZ39$bOCLC
=SRC  \\$aBNB03$bbibmp5.200404.2.ac
=SRC  \\$aDSS01$bbibmp10.200404.2.aa
=SRC  \\$aHSS01$bbibmp13.200404.2.aa
=SRC  \\$aISN01$bbibmp22.200404.2.aa
=TCO  \\$aCLA$bCLA$c008
=TOC  \\$aETOC

