=LDR  04862cas a2201081 a 4500
=001  007859061
=003  Uk
=005  20230209233113.0
=007  ta
=008  040409d1991201ufr\bx\p\\\\\\\0\\\a0eng\\
=019  c\$a2444480
=022  \\$a0924-9338$y0767-399X$z1162-0684$202
=030  \\$aEUPSED
=040  \\$aUk$cUk$dUk
=042  \\$aissnuk
=082  04$a616.89005$223
=210  0\$aEur. psychiatr.
=222  \0$aEuropean psychiatry
=245  00$aEuropean psychiatry :$bthe journal of the Association of European Psychiatrists.
=260  \\$aParis :$bEditions scientifiques Elsevier,$cc1991-[between 2010 and 2019]
=300  \\$av. :$bill.
=310  \\$a8 issues a year,$b<1995->
=321  \\$aSix issues a year,$b1991-
=336  \\$atext$2rdacontent
=337  \\$aunmediated$2rdamedia
=338  \\$avolume$2rdacarrier
=362  0\$aVol. 6/no 1-
=525  \\$aCD-ROM supplements accompany some issues.
=540  \\$aCurrent Copyright Fee: GBP22.50$c0$5Uk
=550  \\$aIssued by: the European Psychiatric Association, <2010->
=595  \\$aFORMERLY 6946.2434 UP TO VOL. 5, 1990.
=650  \0$aPsychiatry$zEurope$vPeriodicals.
=710  2\$aAssociation of European Psychiatrists.
=710  2\$aEuropean Psychiatric Association.
=776  08$iContinued online:$tEuropean psychiatry (Online)$x1778-3585
=780  00$tPsychiatrie & psychobiologie$x0767-399X
=852  41$aBritish Library$bDSC$j3829.842700$3Vol. 6 (1991)-v. 25, no.4 (2010)***UKRR Retained Title
=945  \\$aEUROPEAN PSYCHIATRY.
=959  \\$fHeld but not currently received
=985  \\$aRecord enhanced by DQ team
=985  \\$aISSN UK Centre: responsibility appears to have transferred to UK Centre ahead of journal transferring to CUP in 2020 but CUP publish this online only. Unable to confirm from Elsevier's website if the published print format issues up to end 2019. Record updated / UK coding added to update Portal.
=A02  \\$a2444480
=ACF  \\$aPrevious copyright fee: GBP19.00$c5\6$e01-jan-2008$fGBP19.00$g0$hP$5Uk
=ACF  \\$aPrevious copyright fee: GBP18.00$c5\6$e01-apr-2004$fGBP18.00$g0$hP$5Uk
=ACF  \\$aCurrent copyright fee: GBP20.00$c5\6$e01-jan-2003$fGBP20.00$g0$hP$5Uk
=ACF  \\$aCurrent copyright fee: GBP15.00$c5\6$e01-jul-2002$fGBP15.00$g0$hP$5Uk
=ACF  \\$aPrevious copyright fee: GBP20.00$c5\1$e01-jan-2009$fGBP20.00$g0$hP$5Uk
=ACF  \\$aPrevious copyright fee: GBP21.00$c5\1$e01-jan-2012$fGBP21.00$g0$hP$5Uk
=ACF  \\$aPrevious copyright fee: GBP22.50$c5\1$e01-jan-2013$fGBP22.50$g0$hP$5Uk
=ACF  \\$aPrevious copyright fee: GBP32.84$c5\1$e01-jul-2019$fGBP32.84$g0$hP$5Uk
=ACF  \\$aPrevious copyright fee: GBP23.40$c5\1$e01-jan-2018$fGBP23.40$g0$hP$5Uk
=ACF  \\$aPrevious Copyright Fee: GBP32.84$c5\1$e26-jun-2020$fGBP32.84$g0$hP$5Uk
=ACF  \\$aPrevious Copyright Fee: GBP10.00$c0$e01-apr-2020$fGBP10.00$g0$hC$5Uk
=ACF  \\$aPrevious copyright fee: GBP20.00$c0$e10-feb-2020$fGBP20.00$g0$hA$5Uk
=ACF  \\$aPrevious Copyright Fee: GBP22.50$c0$e11-nov-2021$fGBP22.50$g0$hA$5Uk
=CAT  \\$aCONV$b00$c20040425$lBLL90$h0702
=CAT  \\$aBATCH-CLA$b00$c20121103$lBLL01$h1021
=CAT  \\$aBATCH-UPD$b00$c20121121$lBLL01$h1653
=CAT  \\$aWR12_168$c20121206$lBLL01$h1834
=CAT  \\$aIPL-CLA$c20121231$lBLL01$h1244
=CAT  \\$aIPL-CLA$c20130102$lBLL01$h1646
=CAT  \\$aWR13.005$c20130329$lBLL01$h1224
=CAT  \\$aBLDSS-3PM$b00$c20141222$lBLL01$h1709
=CAT  \\$aBATCH-UPD$b00$c20160413$lBLL01$h1802
=CAT  \\$aBATCH-UPD$b00$c20161128$lBLL01$h1348
=CAT  \\$aBATCH-UPD$b00$c20171121$lBLL01$h1737
=CAT  \\$aIPL-CLA$c20171231$lBLL01$h1352
=CAT  \\$aBATCH-UPD$b00$c20190521$lBLL01$h1430
=CAT  \\$aIPL-CLA$c20190630$lBLL01$h1525
=CAT  \\$a8055$b40$c20200210$lBLL01$h1233
=CAT  \\$aDEL-3PM$c20200220$lBLL01$h1518
=CAT  \\$aBATCH-CLA$b00$c20200228$lBLL01$h1631
=CAT  \\$aIPL-CLA$c20200331$lBLL01$h1603
=CAT  \\$a5552$b40$c20200626$lBLL01$h0802
=CAT  \\$aBLDSS-3PM$b00$c20200703$lBLL01$h1144
=CAT  \\$aBATCH-UPD$b00$c20200703$lBLL01$h1144
=CAT  \\$a10973$b40$c20200717$lBLL01$h0642
=CAT  \\$a5552$b40$c20211111$lBLL01$h1210
=CAT  \\$aDEL-3PM$c20211115$lBLL01$h0922
=CAT  \\$aBATCH-CLA$b00$c20221130$lBLL01$h1435
=CAT  \\$aIPL-CLA$c20221231$lBLL01$h1433
=CAT  \\$aBATCH-CLA$b00$c20230209$lBLL01$h1523
=CAT  \\$aIPL-CLA$c20230209$lBLL01$h2331
=CFI  0\$aCurrent Copyright Fee: GBP22.50$c0$e09-feb-2023$fGBP22.50$g0$hC$5Uk
=CFI  2\$aBritish Library not licensed to copy$c0$e01-jan-2023$hC$iCFP Excluded$5Uk
=EST  \\$a2
=FIN  \\$aY
=FMT  \\$a  SE
=LAS  \\$aIPL-CLA$b00$c20230209$lBLL01$h2331
=LEO  \\$aMP10.0000219749
=SRC  \\$aDSS01$bbibmp10.200404.2.aa
=TCO  \\$aFRA$bCFC$c008
=TOC  \\$aETOC

