=LDR  06870cas a2201501 a 4500
=001  007859065
=003  Uk
=005  20220930142312.0
=007  ta
=008  960606c19959999ne\qr\p\\\g\\\0\\\a0eng\\
=010  \\$asn 97033025
=015  \\$aGB9647280$2bnb
=019  c\$a2499998
=019  y\$ab9647280
=019  9\$ab9647280
=019  1\$ab9647280
=022  0\$a1354-3725
=030  \\$aEPLAF7
=039  0\$a2394
=040  \\$aUk$beng$cUk$dUk
=042  \\$aukblsr
=043  \\$ae------
=050  00$aK5$b.U755
=082  04$a342.241$220
=222  \0$aEuropean public law
=245  00$aEuropean public law.
=246  1\$iCited as:$aEPL
=260  \\$aLondon :$bGraham & Trotman/Martinus Nijhoff,$c1995-
=260  2\$aLondon :$bKluwer Law International
=260  2\$aThe Hague, The Netherlands :$bKluwer
=264  31$aAlphen aan den Rijn, The Netherlands :$bKluwer Law International B.V.
=300  \\$av. ;$c24 cm.
=310  \\$aQuarterly
=336  \\$atext$2rdacontent
=337  \\$aunmediated$2rdamedia
=338  \\$avolume$2rdacarrier
=362  0\$aVol. 1, issue 1 (Mar. 1995)-
=500  \\$aTitle from cover.
=530  \\$aAlso available via World Wide Web
=540  \\$aCurrent copyright fee: GBP20.83$c34\0$5Uk
=588  \\$aLatest issue consulted: volume 22, issue 1 (March 2016).
=650  \0$aPublic law$zEurope$vPeriodicals.
=653  1\$aPublic law
=653  1\$aEurope
=776  08$iAlso issued online as:$tEuropean public law (Online)$x1875-8207
=852  41$aBritish Library$bHMNTS$jZC.9.a.4525$3Vol. 2 issue 1 (Mar. 1996)-v. 23 Issue 1 (2017); vol. 24, issue 3 (Sep. 2018)-
=852  41$aBritish Library$bDSC$j3829.842800$3Vol. 1 (1995)-v. 20, issue 4 (2014)***UKRR Retained Title
=945  \\$aEUROPEAN PUBLIC LAW.
=959  \\$fHeld but not currently received
=963  \\$aCA/U13 VOL. 1, 1995- *A=1$bN
=985  \\$aRecord merged by DQ team
=ACF  \\$aPrevious copyright fee: GBP15.63$c34\0$e01-jul-2011$fGBP15.63$g0$hP$5Uk
=ACF  \\$aPrevious copyright fee: GBP16.13$c34\0$e01-jul-2010$fGBP16.13$g0$hP$5Uk
=ACF  \\$aPrevious copyright fee: GBP15.15$c34\0$e01-oct-2009$fGBP15.15$g0$hP$5Uk
=ACF  \\$aPrevious copyright fee: GBP17.86$c34\0$e01-apr-2009$fGBP17.86$g0$hP$5Uk
=ACF  \\$aPrevious copyright fee: GBP15.63$c34\0$e01-jan-2009$fGBP15.63$g0$hP$5Uk
=ACF  \\$aPrevious copyright fee: GBP12.50$c34\0$e01-jul-2007$fGBP12.50$g0$hP$5Uk
=ACF  \\$aPrevious copyright fee: GBP12.82$c34\0$e01-apr-2007$fGBP12.82$g0$hP$5Uk
=ACF  \\$aPrevious copyright fee: GBP13.52$c34\0$e01-oct-2006$fGBP13.52$g0$hP$5Uk
=ACF  \\$aPrevious copyright fee: GBP14.29$c34\0$e01-apr-2006$fGBP14.29$g0$hP$5Uk
=ACF  \\$aPrevious copyright fee: GBP13.89$c34\0$e01-jan-2006$fGBP13.89$g0$hP$5Uk
=ACF  \\$aPrevious copyright fee: GBP13.51$c34\0$e01-apr-2005$fGBP13.51$g0$hP$5Uk
=ACF  \\$aPrevious copyright fee: GBP13.89$c34\0$e01-jan-2005$fGBP13.89$g0$hP$5Uk
=ACF  \\$aPrevious copyright fee: GBP13.51$c34\0$e01-apr-2004$fGBP13.51$g0$hP$5Uk
=ACF  \\$aCurrent copyright fee: GBP14.71$c34\0$e01-jan-2004$fGBP14.71$g0$hP$5Uk
=ACF  \\$aCurrent copyright fee: GBP15.63$c34\0$e02-jan-2003$fGBP15.63$g0$hP$5Uk
=ACF  \\$aPrevious copyright fee: GBP16.13$c34\0$e01-jan-2012$fGBP16.13$g0$hP$5Uk
=ACF  \\$aPrevious copyright fee: GBP15.15$c34\0$e01-jul-2012$fGBP15.15$g0$hP$5Uk
=ACF  \\$aPrevious copyright fee: GBP15.63$c34\0$e01-jan-2013$fGBP15.63$g0$hP$5Uk
=ACF  \\$aPrevious copyright fee: GBP16.13$c34\0$e01-jul-2013$fGBP16.13$g0$hP$5Uk
=ACF  \\$aPrevious copyright fee: GBP15.63$c34\0$e01-jan-2014$fGBP15.63$g0$hP$5Uk
=ACF  \\$aPrevious copyright fee: GBP15.15$c34\0$e01-jul-2014$fGBP15.15$g0$hP$5Uk
=ACF  \\$aPrevious copyright fee: GBP16.13$c34\0$e01-apr-2015$fGBP16.13$g0$hP$5Uk
=ACF  \\$aPrevious copyright fee: GBP16.37$c34\0$e01-jul-2015$fGBP16.37$g0$hP$5Uk
=ACF  \\$aPrevious copyright fee: GBP16.13$c34\0$e01-oct-2015$fGBP16.13$g0$hP$5Uk
=ACF  \\$aPrevious copyright fee: GBP17.24$c34\0$e01-apr-2016$fGBP17.24$g0$hP$5Uk
=ACF  \\$aPrevious copyright fee: GBP18.52$c34\0$e01-oct-2016$fGBP18.52$g0$hP$5Uk
=ACF  \\$aPrevious copyright fee: GBP20.00$c34\0$e01-apr-2017$fGBP20.00$g0$hP$5Uk
=ACF  \\$aPrevious copyright fee: GBP19.23$c34\0$e01-oct-2017$fGBP19.23$g0$hP$5Uk
=ACF  \\$aPrevious copyright fee: GBP17.86$c34\0$e01-apr-2018$fGBP17.86$g0$hP$5Uk
=ACF  \\$aPrevious copyright fee: GBP19.23$c34\0$e01-oct-2018$fGBP19.23$g0$hP$5Uk
=ACF  \\$aPrevious copyright fee: GBP20.00$c34\0$e01-oct-2019$fGBP20.00$g0$hP$5Uk
=ACF  \\$aPrevious copyright fee: GBP19.23$c34\0$e01-apr-2020$fGBP19.23$g0$hP$5Uk
=ACF  \\$aPrevious copyright fee: GBP20.00$c34\0$e01-jul-2020$fGBP20.00$g0$hP$5Uk
=ACF  \\$aPrevious copyright fee: GBP18.52$c34\0$e01-apr-2021$fGBP18.52$g0$hP$5Uk
=ACF  \\$aPrevious copyright fee: GBP17.86$c34\0$e07-jul-2021$fGBP17.86$g0$hP$5Uk
=CAT  \\$aCONV$b00$c20040425$lBLL90$h0702
=CAT  \\$a11205$b40$c20160705$lBLL01$h0946
=CAT  \\$aBATCH-UPD$b40$c20160824$lBLL01$h1835
=CAT  \\$aIPL-CLA$c20160930$lBLL01$h1544
=CAT  \\$aBATCH-UPD$b00$c20170216$lBLL01$h1918
=CAT  \\$aIPL-CLA$c20170331$lBLL01$h1828
=CAT  \\$aBATCH-UPD$b00$c20170904$lBLL01$h1938
=CAT  \\$aIPL-CLA$c20170929$lBLL01$h1710
=CAT  \\$aBATCH-UPD$b00$c20180223$lBLL01$h1814
=CAT  \\$aIPL-CLA$c20180331$lBLL01$h1558
=CAT  \\$aBATCH-UPD$b00$c20180823$lBLL01$h1953
=CAT  \\$aIPL-CLA$c20180930$lBLL01$h1451
=CAT  \\$aBATCH-UPD$b00$c20190829$lBLL01$h1554
=CAT  \\$aIPL-CLA$c20190930$lBLL01$h1628
=CAT  \\$aBATCH-UPD$b00$c20200219$lBLL01$h1535
=CAT  \\$aIPL-CLA$c20200331$lBLL01$h1603
=CAT  \\$aBATCH-UPD$b00$c20200522$lBLL01$h1519
=CAT  \\$aIPL-CLA$c20200701$lBLL01$h0045
=CAT  \\$aBATCH-UPD$b00$c20210226$lBLL01$h1101
=CAT  \\$aIPL-CLA$c20210331$lBLL01$h1655
=CAT  \\$aBATCH-UPD$b00$c20210707$lBLL01$h1624
=CAT  \\$aIPL-CLA$c20210707$lBLL01$h1841
=CAT  \\$aBATCH-UPD$b00$c20220520$lBLL01$h1706
=CAT  \\$aIPL-CLA$c20220630$lBLL01$h1533
=CAT  \\$aBATCH-UPD$b00$c20220824$lBLL01$h0929
=CAT  \\$aIPL-CLA$c20220930$lBLL01$h1423
=CFI  0\$aCurrent copyright fee: GBP20.83$c34\0$e01-oct-2022$fGBP20.83$g0$hP$5Uk
=CFI  2\$aPrevious copyright fee: GBP20.00$c34\0$e01-jul-2022$fGBP20.00$g0$hP$5Uk
=EST  \\$a2
=FIN  \\$aY
=FMT  \\$a  SE
=LAS  \\$aIPL-CLA$b00$c20220930$lBLL01$h1423
=LEO  \\$aMP5.0000835581
=LEO  \\$aMP10.0000219753
=LEO  \\$aMP13.0000337629
=SID  \\$aZ39$bOCLC
=SRC  \\$aBNB03$bbibmp5.200404.2.ab
=SRC  \\$aDSS01$bbibmp10.200404.2.aa
=SRC  \\$aHSS01$bbibmp13.200404.2.aa
=TCO  \\$aCLA$bCLA$c008
=TOC  \\$aETOC
=UNO  \\$aY

