=LDR  04660cas a2201105 a 4500
=001  005478744
=003  Uk
=005  20230209232959.0
=007  ta
=008  040409c19939999njuqr\p\\\\\\\0\\\a0eng\\
=019  c\$a2527701
=022  \\$a1524-2226
=040  \\$aUk$beng$cUk$dUk
=082  04$a781.6305$222
=210  0\$aJ. pop. music stud.$b(Print)
=222  \0$aJournal of popular music studies$b(Print)
=245  00$aJournal of popular music studies.
=246  13$aJPMS
=260  \\$aIowa City :$bU.S. Branch of the International Association for the Study of Popular Music,$c1993-
=260  2\$a[Philadelphia, PA] :$bTaylor & Francis
=260  2\$aMalden :$bBlackwell
=260  3\$a[Hoboken] :$bWiley Periodicals
=300  \\$av. ;$c23-26 cm.
=310  \\$aQuarterly,$b2007-
=321  \\$aThree issues yearly,$b2004-2006
=321  \\$aSemiannual,$b2001-2003
=321  \\$aBiennial,$b1999
=321  \\$aAnnual,$b1993-1997
=336  \\$atext$2rdacontent
=337  \\$aunmediated$2rdamedia
=338  \\$avolume$2rdacarrier
=362  0\$aVol. 5 (1993)-
=530  \\$aAlso issued online.
=540  \\$aCurrent Copyright Fee: GBP25.00$c0$5Uk
=550  \\$aJournal of the U.S. branch of the International Association for the Study of Popular Music.
=650  \0$aPopular music$xHistory and criticism$vPeriodicals.
=650  \0$aPopular music$vPeriodicals.
=710  2\$aInternational Association for the Study of Popular Music.$bU.S. Branch.
=776  1\$tJournal of popular music studies (Online)$x1533-1598
=780  00$tTracking (Eau Claire, Wis.)
=852  41$aBritish Library$bDSC$j5041.142600$3Vol. 16, no. 1 (2004)-v. 23, no. 4 (2011)***UKRR Retained Title
=945  \\$aJournal of popular music studies
=959  \\$fHeld but not currently received
=A02  \\$a2527701
=ACF  \\$aPrevious copyright fee: GBP16.00$c10\0$e01-jan-2006$fGBP16.00$g0$hP$5Uk
=ACF  \\$aPrevious copyright fee: GBP15.00$c10\0$e01-apr-2004$fGBP15.00$g0$hP$5Uk
=ACF  \\$aCurrent copyright fee: GBP13.00$c10\0$e01-jan-2004$fGBP13.00$g0$hP$5Uk
=ACF  \\$aCurrent copyright fee: GBP5.00$c0$e01-oct-2002$fGBP5.00$g0$hA$5Uk
=ACF  \\$aPrevious copyright fee: GBP17.00$c10\0$e01-jan-2009$fGBP17.00$g0$hP$5Uk
=ACF  \\$aPrevious copyright fee: GBP22.00$c10\0$e01-jan-2011$fGBP22.00$g0$hP$5Uk
=ACF  \\$aPrevious copyright fee: GBP24.00$c10\0$e01-mar-2015$fGBP24.00$g0$hP$5Uk
=ACF  \\$aPrevious copyright fee: GBP24.00$c35\0$e07-mar-2017$fGBP24.00$g0$hP$5Uk
=ACF  \\$aPrevious copyright fee: GBP32.00$c35\0$e01-apr-2020$fGBP32.00$g0$hP$5Uk
=ACF  \\$aPrevious copyright fee: GBP28.00$c35\0$e01-jan-2019$fGBP28.00$g0$hP$5Uk
=ACF  \\$aBritish Library not licensed to copy$c0$e06-may-2022$hC$iTX$5Uk
=ACF  \\$aPrevious Copyright Fee: GBP22.50$c0$e01-jul-2022$fGBP22.50$g0$hC$5Uk
=CAT  \\$aCONV$b00$c20040502$lBLL01$h1101
=CAT  \\$a8323$b40$c20120606$lBLL01$h1410
=CAT  \\$a8323$b40$c20120606$lBLL01$h1411
=CAT  \\$aBATCH-CLA$b00$c20121102$lBLL01$h1750
=CAT  \\$aWR12_168$c20121206$lBLL01$h1807
=CAT  \\$a8483$b40$c20130524$lBLL01$h1116
=CAT  \\$aBLDSS-3PM$b00$c20141214$lBLL01$h1513
=CAT  \\$aBATCH-UPD$b00$c20150215$lBLL01$h1606
=CAT  \\$aIPL-CLA$c20150228$lBLL01$h2030
=CAT  \\$aBATCH-UPD$b00$c20160413$lBLL01$h1759
=CAT  \\$aBATCH-UPD$b00$c20170304$lBLL01$h1016
=CAT  \\$aW1703-0316$c20170306$lBLL01$h1816
=CAT  \\$aW1703-0316$c20170307$lBLL01$h1641
=CAT  \\$aIPL-CLA$c20170307$lBLL01$h1820
=CAT  \\$aBATCH-UPD$b00$c20180219$lBLL01$h1704
=CAT  \\$aBATCH-UPD$b00$c20181121$lBLL01$h1611
=CAT  \\$aIPL-CLA$c20181231$lBLL01$h1519
=CAT  \\$aBATCH-UPD$b00$c20200219$lBLL01$h1536
=CAT  \\$aIPL-CLA$c20200331$lBLL01$h1544
=CAT  \\$a12654$b40$c20220506$lBLL01$h1359
=CAT  \\$a12654$b40$c20220506$lBLL01$h1403
=CAT  \\$aDEL-3PM$c20220509$lBLL01$h1000
=CAT  \\$aBATCH-CLA$b00$c20220601$lBLL01$h1543
=CAT  \\$aIPL-CLA$c20220630$lBLL01$h1533
=CAT  \\$aBATCH-CLA$b00$c20221130$lBLL01$h1439
=CAT  \\$aIPL-CLA$c20221231$lBLL01$h1431
=CAT  \\$aBATCH-CLA$b00$c20230209$lBLL01$h1526
=CAT  \\$aIPL-CLA$c20230209$lBLL01$h2329
=CFI  0\$aCurrent Copyright Fee: GBP25.00$c0$e09-feb-2023$fGBP25.00$g0$hC$5Uk
=CFI  2\$aBritish Library not licensed to copy$c0$e01-jan-2023$hC$iCFP Excluded$5Uk
=EST  \\$a2
=FIN  \\$aY
=FMT  \\$a  SE
=LAS  \\$aIPL-CLA$b00$c20230209$lBLL01$h2329
=LEO  \\$aMP10.0000324829
=SRC  \\$aDSS01$bbibmp10.200404.2.aa
=TCO  \\$aCLA$bCLA$c008
=TOC  \\$aETOC
=UNO  \\$aY

