=LDR  03854cas a22008653  4500
=001  005555002
=003  Uk
=005  20230209233001.0
=008  040410u||||||||au\a|\p|||\\\\0\\\|0ger\\
=019  c\$a3011617
=022  0\$a1617-7126
=040  \\$aUk$cUk
=082  04$a371.2$222
=245  00$aZEITSCHRIFT FUR HOCHSCHULRECHT HOCHSCHULMANAGEMENT UND HOCHSCHULPOLITIK.
=336  \\$atext$2rdacontent
=337  \\$aunmediated$2rdamedia
=338  \\$avolume$2rdacarrier
=540  \\$aCurrent Copyright Fee: GBP29.95$c0$5Uk
=595  \\$aDSC Print Copy Not Selected.
=852  41$aBritish Library$bDSC$j9464.610000
=883  0\$aLanguage codes assigned by Bayesian analysis of words present in record$d20210115$qUk$c0.9450
=945  \\$aZEITSCHRIFT FUR HOCHSCHULRECHT HOCHSCHULMANAGEMENT UND HOCHSCHULPOLITIK
=985  \\$aCorrected by BSS-generated file for WR# 10/166
=985  \\$aCorrected by MS generated file for WR# 12.018
=A02  \\$a3011617
=ACF  \\$aPrevious copyright fee: GBP22.00$c23\6$e01-apr-2009$fGBP22.00$g0$hP$5Uk
=ACF  \\$aPrevious copyright fee: GBP21.25$c23\6$e01-jan-2009$fGBP21.25$g0$hP$5Uk
=ACF  \\$aPrevious copyright fee: GBP16.75$c23\6$e01-jan-2007$fGBP16.75$g0$hP$5Uk
=ACF  \\$aPrevious copyright fee: GBP16.22$c23\6$e01-oct-2006$fGBP16.22$g0$hP$5Uk
=ACF  \\$aPrevious copyright fee: GBP17.14$c23\6$e01-apr-2006$fGBP17.14$g0$hP$5Uk
=ACF  \\$aPrevious copyright fee: GBP16.67$c23\6$e01-jan-2006$fGBP16.67$g0$hP$5Uk
=ACF  \\$aPrevious copyright fee: GBP16.22$c23\6$e01-apr-2005$fGBP16.22$g0$hP$5Uk
=ACF  \\$aPrevious copyright fee: GBP16.67$c23\6$e01-jan-2005$fGBP16.67$g0$hP$5Uk
=ACF  \\$aPrevious copyright fee: GBP18.92$c23\6$e29-nov-2004$fGBP18.92$g0$hP$5Uk
=ACF  \\$aCurrent copyright fee: GBP5.00$c0$e30-jan-2003$fGBP5.00$g0$hA$5Uk
=ACF  \\$aPrevious copyright fee: GBP22.00$c0$e01-jul-2012$fGBP22.00$g0$hC$5Uk
=ACF  \\$aPrevious Copyright Fee: GBP22.00$c0$e01-oct-2012$fGBP22.00$g0$hC$5Uk
=ACF  \\$aPrevious Copyright Fee: GBP29.95$c0$e01-jan-2013$fGBP29.95$g0$hC$5Uk
=CAT  \\$aCONV$b00$c20040502$lBLL01$h1103
=CAT  \\$aBATCH$b00$c20090101$lBLL01$h0115
=CAT  \\$aBATCH-UPD$b00$c20090319$lBLL01$h1040
=CAT  \\$aBATCH-UPD$b00$c20090331$lBLL01$h2157
=CAT  \\$aBATCH-UPD$b00$c20090331$lBLL01$h2336
=CAT  \\$aBATCH$b00$c20090401$lBLL01$h0105
=CAT  \\$aWR-09059$b40$c20090927$lBLL01$h1639
=CAT  \\$aBATCH$b00$c20091206$lBLL01$h0031
=CAT  \\$aBLSS-CORR$b00$c20101119$lBLL01$h1713
=CAT  \\$a5552$b40$c20120607$lBLL01$h0912
=CAT  \\$aIPL-CLA$c20120629$lBLL01$h0942
=CAT  \\$aBLSS-CORR$b00$c20120724$lBLL01$h1754
=CAT  \\$aBATCH-CLA$b00$c20120831$lBLL01$h1533
=CAT  \\$aIPL-CLA$c20120930$lBLL01$h1950
=CAT  \\$aWR12-140$c20121031$lBLL01$h1725
=CAT  \\$aBATCH-CLA$b00$c20121103$lBLL01$h1035
=CAT  \\$aBATCH-CLA$b00$c20121130$lBLL01$h1245
=CAT  \\$aIPL-CLA$c20121231$lBLL01$h1239
=CAT  \\$aIPL-CLA$c20130102$lBLL01$h1638
=CAT  \\$aWR13.005$c20130322$lBLL01$h1918
=CAT  \\$aBATCH-CLA$b00$c20140125$lBLL01$h1316
=CAT  \\$aBATCH-CLA$c20140225$lBLL01$h2240
=CAT  \\$a10969$b40$c20170124$lBLL01$h1421
=CAT  \\$aW2102-0046$b00$c20210423$lBLL01$h1810
=CAT  \\$aBATCH-CLA$b00$c20221130$lBLL01$h1437
=CAT  \\$aIPL-CLA$c20221231$lBLL01$h1431
=CAT  \\$aBATCH-CLA$b00$c20230209$lBLL01$h1524
=CAT  \\$aIPL-CLA$c20230209$lBLL01$h2330
=CFI  0\$aCurrent Copyright Fee: GBP29.95$c0$e09-feb-2023$fGBP29.95$g0$hC$5Uk
=CFI  2\$aBritish Library not licensed to copy$c0$e01-jan-2023$hC$iCFP Excluded$5Uk
=EST  \\$a2
=FIN  \\$aY
=FMT  \\$a  SE
=LAS  \\$aIPL-CLA$b00$c20230209$lBLL01$h2330
=LEO  \\$aMP10.0000625246
=SRC  \\$aDSS01$bbibmp10.200404.2.aa
=TCO  \\$aXXX$c008

