=LDR  04041cas a2200925 a 4500
=001  013757645
=003  Uk
=005  20230209233712.0
=007  ta
=008  070531c20089999xxuqr\p\\\\\\\0\\\a0eng\\
=015  \\$aGBA867999$2bnb
=022  0\$a1754-9426$202
=040  \\$aUk$beng$cUk
=042  \\$aissnuk$aukblsr
=082  04$a158.705$222
=130  0\$aIndustrial and organizational psychology (Malden, Mass.)
=210  0\$aInd. organ. psychol.$b(Print)
=222  \0$aIndustrial and organizational psychology$b(Print)
=245  10$aIndustrial and organizational psychology :$bperspectives on science and practice.
=260  \\$aMalden ;$aOxford :$bBlackwell Publishing.,$c2008-
=300  \\$av. :$bill. ;$c26 cm.
=310  \\$aQuarterly
=336  \\$atext$2rdacontent
=337  \\$aunmediated$2rdamedia
=338  \\$avolume$2rdacarrier
=362  0\$aVol. 1, issue 1 (Mar. 2008)-
=540  \\$aCurrent Copyright Fee: GBP22.50$c0$5Uk
=650  \0$aPsychology, Industrial$vPeriodicals.
=650  \0$aOrganizational behavior$vPeriodicals.
=690  7\$aManagement and Business Studies$2blcoll
=710  2\$aSociety for Industrial and Organizational Psychology (U.S.)
=776  0\$tIndustrial and organizational psychology (Malden, Mass. : Online)$x1754-9434
=852  41$aBritish Library$bHMNTS$jZC.9.a.8040$3Vol. 1, issue 1 (Mar. 2008)-v. 6, issue 1 (Mar. 2013)***title now taken as electronic copy only
=852  41$aBritish Library$bDSC$j4445.244500$3Vol. 1, no. 1 (2008)-v. 2, issue 4 (2009)
=945  \\$aIndustrial and organizational psychology
=959  \\$fHeld but not currently received
=ACF  \\$aPrevious Copyright Fee: GBP16.00$c10\0$e01-apr-2008$fGBP16.00$g0$hP$5Uk
=ACF  \\$aPrevious copyright fee: GBP17.00$c10\0$e01-jan-2009$fGBP17.00$g0$hP$5Uk
=ACF  \\$aPrevious copyright fee: GBP22.00$c10\0$e01-jan-2011$fGBP22.00$g0$hP$5Uk
=ACF  \\$aPrevious copyright fee: GBP24.00$c10\0$e01-mar-2015$fGBP24.00$g0$hP$5Uk
=ACF  \\$aPrevious copyright fee: GBP25.00$c43\0$e01-jul-2016$fGBP25.00$g0$hP$5Uk
=ACF  \\$aPrevious Copyright Fee: GBP17.50$c0$e01-apr-2019$fGBP17.50$g0$hA$5Uk
=ACF  \\$aPrevious Copyright Fee: GBP10.00$c0$e01-jul-2019$fGBP10.00$g0$hC$5Uk
=ACF  \\$aPrevious Copyright Fee: GBP22.50$c0$e01-apr-2021$fGBP22.50$g0$hC$5Uk
=CAT  \\$a11313$b40$c20070531$lBLL01$h0847
=CAT  \\$aCDS-UPD$b40$c20091208$lBLL01$h2214
=CAT  \\$aCDS-UPD$b40$c20091208$lBLL01$h2234
=CAT  \\$aBATCH-UPD$b40$c20101116$lBLL01$h1328
=CAT  \\$aIPL-CLA$c20101231$lBLL01$h1522
=CAT  \\$a8483$b40$c20121016$lBLL01$h1406
=CAT  \\$aBATCH-CLA$b00$c20121109$lBLL01$h1725
=CAT  \\$aWR12_168$c20121206$lBLL01$h1818
=CAT  \\$aWR14_140$c20140905$lBLL01$h1815
=CAT  \\$aBLDSS-3PM$b00$c20141214$lBLL01$h1524
=CAT  \\$aBATCH-UPD$b00$c20150215$lBLL01$h1629
=CAT  \\$aIPL-CLA$c20150228$lBLL01$h2051
=CAT  \\$aBATCH-UPD$b00$c20160413$lBLL01$h1821
=CAT  \\$a5552$b40$c20160603$lBLL01$h0857
=CAT  \\$aIPL-CLA$c20160630$lBLL01$h1605
=CAT  \\$aBATCH-UPD$b00$c20160705$lBLL01$h2158
=CAT  \\$aW1902-1304$c20190314$lBLL01$h1240
=CAT  \\$aBATCH-UPD$b00$c20190314$lBLL01$h1618
=CAT  \\$aIPL-CLA$c20190331$lBLL01$h1727
=CAT  \\$aDEL-3PM$c20190409$lBLL01$h0906
=CAT  \\$aBATCH-CLA$b00$c20190531$lBLL01$h1624
=CAT  \\$aIPL-CLA$c20190630$lBLL01$h1538
=CAT  \\$aBATCH-CLA$b00$c20210227$lBLL01$h1015
=CAT  \\$aIPL-CLA$c20210331$lBLL01$h1701
=CAT  \\$aBATCH-CLA$b00$c20221130$lBLL01$h1453
=CAT  \\$aIPL-CLA$c20221231$lBLL01$h1448
=CAT  \\$aBATCH-CLA$b00$c20230209$lBLL01$h1539
=CAT  \\$aIPL-CLA$c20230209$lBLL01$h2337
=CFI  0\$aCurrent Copyright Fee: GBP22.50$c0$e09-feb-2023$fGBP22.50$g0$hC$5Uk
=CFI  2\$aBritish Library not licensed to copy$c0$e01-jan-2023$hC$iCFP Excluded$5Uk
=EST  \\$a2
=FIN  \\$aY$d20080520
=FMT  \\$a  SE
=LAS  \\$aIPL-CLA$b00$c20230209$lBLL01$h2337
=TCO  \\$aTRS$bCCC$c008
=TOC  \\$aETOC

