=LDR  07319cas a2201453 a 4500
=001  015661419
=003  Uk
=005  20220930142816.0
=007  ta
=008  000621c20009999ne\qr\p\\\\\\\0\\\a0eng\c
=010  \\$a00248281
=019  c\$a2599958
=022  \\$a1566-6573
=035  \\$a(OCoLC)ocm44449273
=040  \\$aJ2H$cJ2H$dIU$dNN$dMH-L$dCaQMU$dDLC$dOCoLC$dNLGGC$dCaQMM$dOCoLC$dUk
=042  \\$aukblsr
=043  \\$ae------
=050  00$aK12$b.E33
=050  \4$aKJE6417$b.L44
=082  04$a343.07$222
=222  \0$aLegal issues of economic integration
=245  00$aLegal issues of economic integration.
=260  \\$aThe Hague :$bKluwer Law International,$c2000-
=300  \\$av. ;$c24 cm.
=310  \\$aQuarterly
=336  \\$atext$2rdacontent
=337  \\$aunmediated$2rdamedia
=338  \\$avolume$2rdacarrier
=362  0\$aVol. 27, 1 (2000)-
=500  \\$aTitle from cover.
=500  \\$aLatest issue consulted: Vol. 37, issue 3 (Aug. 2010).
=530  \\$aAlso issued online.
=540  \\$aCurrent copyright fee: GBP20.83$c34\0$5Uk
=550  \\$aLaw journal of the Europa Instituut and the Amsterdam Center for International Law, Universiteit van Amsterdam.
=595  \\$aFORMERLY 5181.327 CHANGE BETWEEN VOL. 26(1/2), 1999 AND 27(1), 2000 SEE ALSO 5181.327 FOR CUL HOLDINGS.
=650  \0$aInternational economic integration$vPeriodicals.
=650  \0$aLaw$zEuropean Union countries$vPeriodicals.
=650  \6$aIntégration économique internationale$vPériodiques.
=650  \6$aDroit$zPays de l'Union européenne$vPériodiques.
=650  17$aEuropese integratie.$2gtt
=710  2\$aUniversiteit van Amsterdam.$bEuropa Instituut.
=710  2\$aAmsterdam Center for International Law.
=776  1\$tLegal issues of economic integration (Online)
=780  00$tLegal issues of European integration$x0377-0915
=852  41$aBritish Library$bDSC$j5181.326900$3Vol. 27, issue 1 (2000)-v. 41, issue 4 (2014)***Ban on loan within 26 weeks receipt***UKRR Retained Title
=852  41$aBritish Library$bHMNTS$jZC.9.a.8590$3Earlier issues
=852  41$aBritish Library$bHMNTS$jSPIS Journals Display$3Vol. 37, issue 1 (Feb. 2010)-***Last 12 months only
=945  \\$aLEGAL ISSUES OF ECONOMIC INTEGRATION.
=959  \\$fHeld but not currently received
=985  \\$aCONFERENCE ANALYTIC RECORDS EXIST
=ACF  \\$aPrevious copyright fee: GBP15.63$c34\0$e01-jul-2011$fGBP15.63$g0$hP$5Uk
=ACF  \\$aPrevious copyright fee: GBP16.13$c34\0$e01-jul-2010$fGBP16.13$g0$hP$5Uk
=ACF  \\$aPrevious copyright fee: GBP15.15$c34\0$e01-oct-2009$fGBP15.15$g0$hP$5Uk
=ACF  \\$aPrevious copyright fee: GBP17.86$c34\0$e01-apr-2009$fGBP17.86$g0$hP$5Uk
=ACF  \\$aPrevious copyright fee: GBP15.63$c34\0$e01-jan-2009$fGBP15.63$g0$hP$5Uk
=ACF  \\$aPrevious copyright fee: GBP12.50$c34\0$e01-jul-2007$fGBP12.50$g0$hP$5Uk
=ACF  \\$aPrevious copyright fee: GBP12.82$c34\0$e01-apr-2007$fGBP12.82$g0$hP$5Uk
=ACF  \\$aPrevious copyright fee: GBP13.52$c34\0$e01-oct-2006$fGBP13.52$g0$hP$5Uk
=ACF  \\$aPrevious copyright fee: GBP14.29$c34\0$e01-apr-2006$fGBP14.29$g0$hP$5Uk
=ACF  \\$aPrevious copyright fee: GBP13.89$c34\0$e01-jan-2006$fGBP13.89$g0$hP$5Uk
=ACF  \\$aPrevious copyright fee: GBP13.51$c34\0$e01-apr-2005$fGBP13.51$g0$hP$5Uk
=ACF  \\$aPrevious copyright fee: GBP13.89$c34\0$e01-jan-2005$fGBP13.89$g0$hP$5Uk
=ACF  \\$aPrevious copyright fee: GBP13.51$c34\0$e01-apr-2004$fGBP13.51$g0$hP$5Uk
=ACF  \\$aCurrent copyright fee: GBP14.71$c34\0$e01-jan-2004$fGBP14.71$g0$hP$5Uk
=ACF  \\$aCurrent copyright fee: GBP15.63$c34\0$e02-jan-2003$fGBP15.63$g0$hP$5Uk
=ACF  \\$aPrevious copyright fee: GBP16.13$c34\0$e01-jan-2012$fGBP16.13$g0$hP$5Uk
=ACF  \\$aPrevious copyright fee: GBP15.15$c34\0$e01-jul-2012$fGBP15.15$g0$hP$5Uk
=ACF  \\$aPrevious copyright fee: GBP15.63$c34\0$e01-jan-2013$fGBP15.63$g0$hP$5Uk
=ACF  \\$aPrevious copyright fee: GBP16.13$c34\0$e01-jul-2013$fGBP16.13$g0$hP$5Uk
=ACF  \\$aPrevious copyright fee: GBP15.63$c34\0$e01-jan-2014$fGBP15.63$g0$hP$5Uk
=ACF  \\$aPrevious copyright fee: GBP15.15$c34\0$e01-jul-2014$fGBP15.15$g0$hP$5Uk
=ACF  \\$aPrevious copyright fee: GBP16.13$c34\0$e01-apr-2015$fGBP16.13$g0$hP$5Uk
=ACF  \\$aPrevious copyright fee: GBP16.37$c34\0$e01-jul-2015$fGBP16.37$g0$hP$5Uk
=ACF  \\$aPrevious copyright fee: GBP16.13$c34\0$e01-oct-2015$fGBP16.13$g0$hP$5Uk
=ACF  \\$aPrevious copyright fee: GBP17.24$c34\0$e01-apr-2016$fGBP17.24$g0$hP$5Uk
=ACF  \\$aPrevious copyright fee: GBP18.52$c34\0$e01-oct-2016$fGBP18.52$g0$hP$5Uk
=ACF  \\$aPrevious copyright fee: GBP20.00$c34\0$e01-apr-2017$fGBP20.00$g0$hP$5Uk
=ACF  \\$aPrevious copyright fee: GBP19.23$c34\0$e01-oct-2017$fGBP19.23$g0$hP$5Uk
=ACF  \\$aPrevious copyright fee: GBP17.86$c34\0$e01-apr-2018$fGBP17.86$g0$hP$5Uk
=ACF  \\$aPrevious copyright fee: GBP19.23$c34\0$e01-oct-2018$fGBP19.23$g0$hP$5Uk
=ACF  \\$aPrevious copyright fee: GBP20.00$c34\0$e01-oct-2019$fGBP20.00$g0$hP$5Uk
=ACF  \\$aPrevious copyright fee: GBP19.23$c34\0$e01-apr-2020$fGBP19.23$g0$hP$5Uk
=ACF  \\$aPrevious copyright fee: GBP20.00$c34\0$e01-jul-2020$fGBP20.00$g0$hP$5Uk
=ACF  \\$aPrevious copyright fee: GBP18.52$c34\0$e01-apr-2021$fGBP18.52$g0$hP$5Uk
=ACF  \\$aPrevious copyright fee: GBP17.86$c34\0$e07-jul-2021$fGBP17.86$g0$hP$5Uk
=CAT  \\$a10806$b40$c20100930$lBLL01$h1211
=CAT  \\$aBATCH-UPD$b00$c20160524$lBLL01$h2249
=CAT  \\$aBATCH-UPD$b00$c20160824$lBLL01$h1836
=CAT  \\$aIPL-CLA$c20160930$lBLL01$h1630
=CAT  \\$aBATCH-UPD$b00$c20170216$lBLL01$h1918
=CAT  \\$aIPL-CLA$c20170331$lBLL01$h1907
=CAT  \\$aBATCH-UPD$b00$c20170904$lBLL01$h1939
=CAT  \\$aIPL-CLA$c20170929$lBLL01$h1754
=CAT  \\$aBATCH-UPD$b00$c20180223$lBLL01$h1815
=CAT  \\$aIPL-CLA$c20180331$lBLL01$h1651
=CAT  \\$aBATCH-UPD$b00$c20180823$lBLL01$h1954
=CAT  \\$aIPL-CLA$c20180930$lBLL01$h1512
=CAT  \\$aBATCH-UPD$b00$c20190829$lBLL01$h1555
=CAT  \\$aIPL-CLA$c20190930$lBLL01$h1649
=CAT  \\$aBATCH-UPD$b00$c20200219$lBLL01$h1536
=CAT  \\$aIPL-CLA$c20200331$lBLL01$h1626
=CAT  \\$aBATCH-UPD$b00$c20200522$lBLL01$h1519
=CAT  \\$aIPL-CLA$c20200701$lBLL01$h0109
=CAT  \\$aBATCH-UPD$b00$c20210226$lBLL01$h1102
=CAT  \\$aIPL-CLA$c20210331$lBLL01$h1702
=CAT  \\$aBATCH-UPD$b00$c20210707$lBLL01$h1625
=CAT  \\$aIPL-CLA$c20210707$lBLL01$h1844
=CAT  \\$aBATCH-UPD$b00$c20220520$lBLL01$h1706
=CAT  \\$aIPL-CLA$c20220630$lBLL01$h1538
=CAT  \\$aBATCH-UPD$b00$c20220824$lBLL01$h0929
=CAT  \\$aIPL-CLA$c20220930$lBLL01$h1428
=CFI  0\$aCurrent copyright fee: GBP20.83$c34\0$e01-oct-2022$fGBP20.83$g0$hP$5Uk
=CFI  2\$aPrevious copyright fee: GBP20.00$c34\0$e01-jul-2022$fGBP20.00$g0$hP$5Uk
=EST  \\$a2
=FIN  \\$aY$d20100930
=FMT  \\$a  SE
=LAS  \\$aIPL-CLA$b00$c20220930$lBLL01$h1428
=LEO  \\$aMP10.0000342128
=LKR  \\$aPAR$b011236293$lBLL01$r78000$mLegal issues of economic integration$nLegal issues of European integration
=SID  \\$aZ39$bLOC
=SRC  \\$aDSS01$bbibmp10.200404.2.aa
=TCO  \\$aNLD$bSTICHTING REPRORECHT$c008
=TOC  \\$aETOC
=UNO  \\$aY

